%YAML 1.1
%TAG !u! tag:unity3d.com,2011:
--- !u!1 &1364991843731481578
GameObject:
  m_ObjectHideFlags: 0
  m_CorrespondingSourceObject: {fileID: 0}
  m_PrefabInstance: {fileID: 0}
  m_PrefabAsset: {fileID: 0}
  serializedVersion: 6
  m_Component:
  - component: {fileID: 4346157692274948142}
  m_Layer: 0
  m_Name: rotationParent
  m_TagString: Untagged
  m_Icon: {fileID: 0}
  m_NavMeshLayer: 0
  m_StaticEditorFlags: 0
  m_IsActive: 1
--- !u!4 &4346157692274948142
Transform:
  m_ObjectHideFlags: 0
  m_CorrespondingSourceObject: {fileID: 0}
  m_PrefabInstance: {fileID: 0}
  m_PrefabAsset: {fileID: 0}
  m_GameObject: {fileID: 1364991843731481578}
  m_LocalRotation: {x: 0, y: 0, z: 1, w: 0}
  m_LocalPosition: {x: 0, y: 0, z: 0}
  m_LocalScale: {x: 1, y: 1, z: 1}
  m_Children:
  - {fileID: 1379089973672105334}
  - {fileID: 1379089973672105328}
  - {fileID: 1379089973672105342}
  m_Father: {fileID: 1379089973672105332}
  m_RootOrder: 0
  m_LocalEulerAnglesHint: {x: 0, y: 0, z: 180}
--- !u!1 &1379089973671676192
GameObject:
  m_ObjectHideFlags: 0
  m_CorrespondingSourceObject: {fileID: 0}
  m_PrefabInstance: {fileID: 0}
  m_PrefabAsset: {fileID: 0}
  serializedVersion: 6
  m_Component:
  - component: {fileID: 1379089973672105280}
  m_Layer: 0
  m_Name: SpiderRLeg32
  m_TagString: Untagged
  m_Icon: {fileID: 0}
  m_NavMeshLayer: 0
  m_StaticEditorFlags: 0
  m_IsActive: 1
--- !u!4 &1379089973672105280
Transform:
  m_ObjectHideFlags: 0
  m_CorrespondingSourceObject: {fileID: 0}
  m_PrefabInstance: {fileID: 0}
  m_PrefabAsset: {fileID: 0}
  m_GameObject: {fileID: 1379089973671676192}
  m_LocalRotation: {x: 0.011286027, y: 0.05901959, z: 0.42886922, w: 0.90136594}
  m_LocalPosition: {x: -0.0020392176, y: -1.9073486e-10, z: 1.1920928e-10}
  m_LocalScale: {x: 0.9999996, y: 1.0000001, z: 0.99999994}
  m_Children:
  - {fileID: 1379089973672105294}
  m_Father: {fileID: 1379089973672105282}
  m_RootOrder: 0
  m_LocalEulerAnglesHint: {x: 0, y: 0, z: 0}
--- !u!1 &1379089973671676194
GameObject:
  m_ObjectHideFlags: 0
  m_CorrespondingSourceObject: {fileID: 0}
  m_PrefabInstance: {fileID: 0}
  m_PrefabAsset: {fileID: 0}
  serializedVersion: 6
  m_Component:
  - component: {fileID: 1379089973672105282}
  m_Layer: 0
  m_Name: SpiderRLeg31
  m_TagString: Untagged
  m_Icon: {fileID: 0}
  m_NavMeshLayer: 0
  m_StaticEditorFlags: 0
  m_IsActive: 1
--- !u!4 &1379089973672105282
Transform:
  m_ObjectHideFlags: 0
  m_CorrespondingSourceObject: {fileID: 0}
  m_PrefabInstance: {fileID: 0}
  m_PrefabAsset: {fileID: 0}
  m_GameObject: {fileID: 1379089973671676194}
  m_LocalRotation: {x: 0.48814088, y: -0.2170436, z: 0.33915797, w: 0.7743271}
  m_LocalPosition: {x: 0.00022294588, y: -0.00032291477, z: -0.0006151781}
  m_LocalScale: {x: 0.99999976, y: 1.0000001, z: 1}
  m_Children:
  - {fileID: 1379089973672105280}
  m_Father: {fileID: 1379089973672105340}
  m_RootOrder: 9
  m_LocalEulerAnglesHint: {x: 0, y: 0, z: 0}
--- !u!1 &1379089973671676196
GameObject:
  m_ObjectHideFlags: 0
  m_CorrespondingSourceObject: {fileID: 0}
  m_PrefabInstance: {fileID: 0}
  m_PrefabAsset: {fileID: 0}
  serializedVersion: 6
  m_Component:
  - component: {fileID: 1379089973672105284}
  m_Layer: 0
  m_Name: SpiderRLeg23
  m_TagString: Untagged
  m_Icon: {fileID: 0}
  m_NavMeshLayer: 0
  m_StaticEditorFlags: 0
  m_IsActive: 1
--- !u!4 &1379089973672105284
Transform:
  m_ObjectHideFlags: 0
  m_CorrespondingSourceObject: {fileID: 0}
  m_PrefabInstance: {fileID: 0}
  m_PrefabAsset: {fileID: 0}
  m_GameObject: {fileID: 1379089973671676196}
  m_LocalRotation: {x: 0.0048097237, y: -0.00070432416, z: 0.36339262, w: 0.9316234}
  m_LocalPosition: {x: -0.0021408347, y: -1.9073486e-10, z: -2.1457672e-10}
  m_LocalScale: {x: 0.9999995, y: 1.0000006, z: 0.9999999}
  m_Children: []
  m_Father: {fileID: 1379089973672105286}
  m_RootOrder: 0
  m_LocalEulerAnglesHint: {x: 0, y: 0, z: 0}
--- !u!1 &1379089973671676198
GameObject:
  m_ObjectHideFlags: 0
  m_CorrespondingSourceObject: {fileID: 0}
  m_PrefabInstance: {fileID: 0}
  m_PrefabAsset: {fileID: 0}
  serializedVersion: 6
  m_Component:
  - component: {fileID: 1379089973672105286}
  m_Layer: 0
  m_Name: SpiderRLeg22
  m_TagString: Untagged
  m_Icon: {fileID: 0}
  m_NavMeshLayer: 0
  m_StaticEditorFlags: 0
  m_IsActive: 1
--- !u!4 &1379089973672105286
Transform:
  m_ObjectHideFlags: 0
  m_CorrespondingSourceObject: {fileID: 0}
  m_PrefabInstance: {fileID: 0}
  m_PrefabAsset: {fileID: 0}
  m_GameObject: {fileID: 1379089973671676198}
  m_LocalRotation: {x: -0.0052569094, y: 0.017561384, z: 0.40846834, w: 0.9125884}
  m_LocalPosition: {x: -0.0020715347, y: -1.9073486e-10, z: 4.7683715e-11}
  m_LocalScale: {x: 0.99999964, y: 1.0000002, z: 0.99999976}
  m_Children:
  - {fileID: 1379089973672105284}
  m_Father: {fileID: 1379089973672105304}
  m_RootOrder: 0
  m_LocalEulerAnglesHint: {x: 0, y: 0, z: 0}
--- !u!1 &1379089973671676200
GameObject:
  m_ObjectHideFlags: 0
  m_CorrespondingSourceObject: {fileID: 0}
  m_PrefabInstance: {fileID: 0}
  m_PrefabAsset: {fileID: 0}
  serializedVersion: 6
  m_Component:
  - component: {fileID: 1379089973672105288}
  m_Layer: 0
  m_Name: SpiderRLeg43
  m_TagString: Untagged
  m_Icon: {fileID: 0}
  m_NavMeshLayer: 0
  m_StaticEditorFlags: 0
  m_IsActive: 1
--- !u!4 &1379089973672105288
Transform:
  m_ObjectHideFlags: 0
  m_CorrespondingSourceObject: {fileID: 0}
  m_PrefabInstance: {fileID: 0}
  m_PrefabAsset: {fileID: 0}
  m_GameObject: {fileID: 1379089973671676200}
  m_LocalRotation: {x: 0.0000004311876, y: 0.00000008679575, z: 0.37655, w: 0.9263963}
  m_LocalPosition: {x: -0.0021592907, y: 1.9073486e-10, z: -2.3841857e-11}
  m_LocalScale: {x: 0.9999997, y: 1.0000004, z: 1.0000001}
  m_Children: []
  m_Father: {fileID: 1379089973672105290}
  m_RootOrder: 0
  m_LocalEulerAnglesHint: {x: 0, y: 0, z: 0}
--- !u!1 &1379089973671676202
GameObject:
  m_ObjectHideFlags: 0
  m_CorrespondingSourceObject: {fileID: 0}
  m_PrefabInstance: {fileID: 0}
  m_PrefabAsset: {fileID: 0}
  serializedVersion: 6
  m_Component:
  - component: {fileID: 1379089973672105290}
  m_Layer: 0
  m_Name: SpiderRLeg42
  m_TagString: Untagged
  m_Icon: {fileID: 0}
  m_NavMeshLayer: 0
  m_StaticEditorFlags: 0
  m_IsActive: 1
--- !u!4 &1379089973672105290
Transform:
  m_ObjectHideFlags: 0
  m_CorrespondingSourceObject: {fileID: 0}
  m_PrefabInstance: {fileID: 0}
  m_PrefabAsset: {fileID: 0}
  m_GameObject: {fileID: 1379089973671676202}
  m_LocalRotation: {x: 0.00000040579698, y: -0.0000009532105, z: 0.28322378, w: 0.9590539}
  m_LocalPosition: {x: -0.0018455471, y: -9.536743e-11, z: 2.3841856e-10}
  m_LocalScale: {x: 0.9999999, y: 1.0000001, z: 0.9999999}
  m_Children:
  - {fileID: 1379089973672105288}
  m_Father: {fileID: 1379089973672105292}
  m_RootOrder: 0
  m_LocalEulerAnglesHint: {x: 0, y: 0, z: 0}
--- !u!1 &1379089973671676204
GameObject:
  m_ObjectHideFlags: 0
  m_CorrespondingSourceObject: {fileID: 0}
  m_PrefabInstance: {fileID: 0}
  m_PrefabAsset: {fileID: 0}
  serializedVersion: 6
  m_Component:
  - component: {fileID: 1379089973672105292}
  m_Layer: 0
  m_Name: SpiderRLeg41
  m_TagString: Untagged
  m_Icon: {fileID: 0}
  m_NavMeshLayer: 0
  m_StaticEditorFlags: 0
  m_IsActive: 1
--- !u!4 &1379089973672105292
Transform:
  m_ObjectHideFlags: 0
  m_CorrespondingSourceObject: {fileID: 0}
  m_PrefabInstance: {fileID: 0}
  m_PrefabAsset: {fileID: 0}
  m_GameObject: {fileID: 1379089973671676204}
  m_LocalRotation: {x: 0.15416953, y: -0.19106537, z: 0.50719404, w: 0.8261235}
  m_LocalPosition: {x: 0.00016556225, y: -0.00056738645, z: -0.00036347742}
  m_LocalScale: {x: 0.9999996, y: 1.0000004, z: 0.99999994}
  m_Children:
  - {fileID: 1379089973672105290}
  m_Father: {fileID: 1379089973672105340}
  m_RootOrder: 10
  m_LocalEulerAnglesHint: {x: 0, y: 0, z: 0}
--- !u!1 &1379089973671676206
GameObject:
  m_ObjectHideFlags: 0
  m_CorrespondingSourceObject: {fileID: 0}
  m_PrefabInstance: {fileID: 0}
  m_PrefabAsset: {fileID: 0}
  serializedVersion: 6
  m_Component:
  - component: {fileID: 1379089973672105294}
  m_Layer: 0
  m_Name: SpiderRLeg33
  m_TagString: Untagged
  m_Icon: {fileID: 0}
  m_NavMeshLayer: 0
  m_StaticEditorFlags: 0
  m_IsActive: 1
--- !u!4 &1379089973672105294
Transform:
  m_ObjectHideFlags: 0
  m_CorrespondingSourceObject: {fileID: 0}
  m_PrefabInstance: {fileID: 0}
  m_PrefabAsset: {fileID: 0}
  m_GameObject: {fileID: 1379089973671676206}
  m_LocalRotation: {x: 0.02828057, y: 0.04910366, z: 0.38320714, w: 0.9219227}
  m_LocalPosition: {x: -0.0021663154, y: -7.6293943e-10, z: -4.7683715e-11}
  m_LocalScale: {x: 0.9999995, y: 1.0000002, z: 1}
  m_Children: []
  m_Father: {fileID: 1379089973672105280}
  m_RootOrder: 0
  m_LocalEulerAnglesHint: {x: 0, y: 0, z: 0}
--- !u!1 &1379089973671676208
GameObject:
  m_ObjectHideFlags: 0
  m_CorrespondingSourceObject: {fileID: 0}
  m_PrefabInstance: {fileID: 0}
  m_PrefabAsset: {fileID: 0}
  serializedVersion: 6
  m_Component:
  - component: {fileID: 1379089973672105296}
  m_Layer: 0
  m_Name: SpiderMouthR
  m_TagString: Untagged
  m_Icon: {fileID: 0}
  m_NavMeshLayer: 0
  m_StaticEditorFlags: 0
  m_IsActive: 1
--- !u!4 &1379089973672105296
Transform:
  m_ObjectHideFlags: 0
  m_CorrespondingSourceObject: {fileID: 0}
  m_PrefabInstance: {fileID: 0}
  m_PrefabAsset: {fileID: 0}
  m_GameObject: {fileID: 1379089973671676208}
  m_LocalRotation: {x: 0.014487692, y: -0.07133505, z: -0.8465412, w: 0.5273229}
  m_LocalPosition: {x: -0.00003662958, y: 0.0010776448, z: -0.0003696668}
  m_LocalScale: {x: 0.99999964, y: 1.0000004, z: 1}
  m_Children: []
  m_Father: {fileID: 1379089973672105340}
  m_RootOrder: 6
  m_LocalEulerAnglesHint: {x: 0, y: 0, z: 0}
--- !u!1 &1379089973671676210
GameObject:
  m_ObjectHideFlags: 0
  m_CorrespondingSourceObject: {fileID: 0}
  m_PrefabInstance: {fileID: 0}
  m_PrefabAsset: {fileID: 0}
  serializedVersion: 6
  m_Component:
  - component: {fileID: 1379089973672105298}
  m_Layer: 0
  m_Name: SpiderMouthL
  m_TagString: Untagged
  m_Icon: {fileID: 0}
  m_NavMeshLayer: 0
  m_StaticEditorFlags: 0
  m_IsActive: 1
--- !u!4 &1379089973672105298
Transform:
  m_ObjectHideFlags: 0
  m_CorrespondingSourceObject: {fileID: 0}
  m_PrefabInstance: {fileID: 0}
  m_PrefabAsset: {fileID: 0}
  m_GameObject: {fileID: 1379089973671676210}
  m_LocalRotation: {x: -0.0516263, y: 0.17755233, z: -0.8417094, w: 0.5072822}
  m_LocalPosition: {x: -0.00003662958, y: 0.001092452, z: 0.00036966678}
  m_LocalScale: {x: 0.99999964, y: 1.0000004, z: 1}
  m_Children: []
  m_Father: {fileID: 1379089973672105340}
  m_RootOrder: 5
  m_LocalEulerAnglesHint: {x: 0, y: 0, z: 0}
--- !u!1 &1379089973671676212
GameObject:
  m_ObjectHideFlags: 0
  m_CorrespondingSourceObject: {fileID: 0}
  m_PrefabInstance: {fileID: 0}
  m_PrefabAsset: {fileID: 0}
  serializedVersion: 6
  m_Component:
  - component: {fileID: 1379089973672105300}
  m_Layer: 0
  m_Name: SpiderLLeg43
  m_TagString: Untagged
  m_Icon: {fileID: 0}
  m_NavMeshLayer: 0
  m_StaticEditorFlags: 0
  m_IsActive: 1
--- !u!4 &1379089973672105300
Transform:
  m_ObjectHideFlags: 0
  m_CorrespondingSourceObject: {fileID: 0}
  m_PrefabInstance: {fileID: 0}
  m_PrefabAsset: {fileID: 0}
  m_GameObject: {fileID: 1379089973671676212}
  m_LocalRotation: {x: 0.00000049205363, y: 0.00000021447595, z: 0.36751997, w: 0.9300156}
  m_LocalPosition: {x: -0.0021592902, y: 0, z: -7.152557e-11}
  m_LocalScale: {x: 0.99999994, y: 1.0000001, z: 1}
  m_Children: []
  m_Father: {fileID: 1379089973672105302}
  m_RootOrder: 0
  m_LocalEulerAnglesHint: {x: 0, y: 0, z: 0}
--- !u!1 &1379089973671676214
GameObject:
  m_ObjectHideFlags: 0
  m_CorrespondingSourceObject: {fileID: 0}
  m_PrefabInstance: {fileID: 0}
  m_PrefabAsset: {fileID: 0}
  serializedVersion: 6
  m_Component:
  - component: {fileID: 1379089973672105302}
  m_Layer: 0
  m_Name: SpiderLLeg42
  m_TagString: Untagged
  m_Icon: {fileID: 0}
  m_NavMeshLayer: 0
  m_StaticEditorFlags: 0
  m_IsActive: 1
--- !u!4 &1379089973672105302
Transform:
  m_ObjectHideFlags: 0
  m_CorrespondingSourceObject: {fileID: 0}
  m_PrefabInstance: {fileID: 0}
  m_PrefabAsset: {fileID: 0}
  m_GameObject: {fileID: 1379089973671676214}
  m_LocalRotation: {x: 0.0000004764111, y: -0.000001119965, z: 0.2758283, w: 0.9612069}
  m_LocalPosition: {x: -0.0018455476, y: 0, z: -6.437301e-10}
  m_LocalScale: {x: 0.99999976, y: 1.0000001, z: 1}
  m_Children:
  - {fileID: 1379089973672105300}
  m_Father: {fileID: 1379089973672105320}
  m_RootOrder: 0
  m_LocalEulerAnglesHint: {x: 0, y: 0, z: 0}
--- !u!1 &1379089973671676216
GameObject:
  m_ObjectHideFlags: 0
  m_CorrespondingSourceObject: {fileID: 0}
  m_PrefabInstance: {fileID: 0}
  m_PrefabAsset: {fileID: 0}
  serializedVersion: 6
  m_Component:
  - component: {fileID: 1379089973672105304}
  m_Layer: 0
  m_Name: SpiderRLeg21
  m_TagString: Untagged
  m_Icon: {fileID: 0}
  m_NavMeshLayer: 0
  m_StaticEditorFlags: 0
  m_IsActive: 1
--- !u!4 &1379089973672105304
Transform:
  m_ObjectHideFlags: 0
  m_CorrespondingSourceObject: {fileID: 0}
  m_PrefabInstance: {fileID: 0}
  m_PrefabAsset: {fileID: 0}
  m_GameObject: {fileID: 1379089973671676216}
  m_LocalRotation: {x: 0.8000481, y: -0.33984, z: 0.25822082, w: 0.42160857}
  m_LocalPosition: {x: 0.00024757156, y: 0.00020094441, z: -0.00059017894}
  m_LocalScale: {x: 0.99999964, y: 1.0000001, z: 1}
  m_Children:
  - {fileID: 1379089973672105286}
  m_Father: {fileID: 1379089973672105340}
  m_RootOrder: 8
  m_LocalEulerAnglesHint: {x: 0, y: 0, z: 0}
--- !u!1 &1379089973671676218
GameObject:
  m_ObjectHideFlags: 0
  m_CorrespondingSourceObject: {fileID: 0}
  m_PrefabInstance: {fileID: 0}
  m_PrefabAsset: {fileID: 0}
  serializedVersion: 6
  m_Component:
  - component: {fileID: 1379089973672105306}
  m_Layer: 0
  m_Name: SpiderRLeg13
  m_TagString: Untagged
  m_Icon: {fileID: 0}
  m_NavMeshLayer: 0
  m_StaticEditorFlags: 0
  m_IsActive: 1
--- !u!4 &1379089973672105306
Transform:
  m_ObjectHideFlags: 0
  m_CorrespondingSourceObject: {fileID: 0}
  m_PrefabInstance: {fileID: 0}
  m_PrefabAsset: {fileID: 0}
  m_GameObject: {fileID: 1379089973671676218}
  m_LocalRotation: {x: -0.008071676, y: 0.0031737515, z: 0.29052484, w: 0.9568281}
  m_LocalPosition: {x: -0.0021408345, y: -3.8146972e-10, z: -2.8610228e-10}
  m_LocalScale: {x: 0.99999964, y: 1.0000001, z: 1}
  m_Children: []
  m_Father: {fileID: 1379089973672105308}
  m_RootOrder: 0
  m_LocalEulerAnglesHint: {x: 0, y: 0, z: 0}
--- !u!1 &1379089973671676220
GameObject:
  m_ObjectHideFlags: 0
  m_CorrespondingSourceObject: {fileID: 0}
  m_PrefabInstance: {fileID: 0}
  m_PrefabAsset: {fileID: 0}
  serializedVersion: 6
  m_Component:
  - component: {fileID: 1379089973672105308}
  m_Layer: 0
  m_Name: SpiderRLeg12
  m_TagString: Untagged
  m_Icon: {fileID: 0}
  m_NavMeshLayer: 0
  m_StaticEditorFlags: 0
  m_IsActive: 1
--- !u!4 &1379089973672105308
Transform:
  m_ObjectHideFlags: 0
  m_CorrespondingSourceObject: {fileID: 0}
  m_PrefabInstance: {fileID: 0}
  m_PrefabAsset: {fileID: 0}
  m_GameObject: {fileID: 1379089973671676220}
  m_LocalRotation: {x: -0.18465592, y: -0.028798206, z: 0.32435915, w: 0.9272886}
  m_LocalPosition: {x: -0.0019431888, y: 1.9073486e-10, z: -2.3841856e-10}
  m_LocalScale: {x: 0.99999964, y: 1.0000002, z: 1}
  m_Children:
  - {fileID: 1379089973672105306}
  m_Father: {fileID: 1379089973672105310}
  m_RootOrder: 0
  m_LocalEulerAnglesHint: {x: 0, y: 0, z: 0}
--- !u!1 &1379089973671676222
GameObject:
  m_ObjectHideFlags: 0
  m_CorrespondingSourceObject: {fileID: 0}
  m_PrefabInstance: {fileID: 0}
  m_PrefabAsset: {fileID: 0}
  serializedVersion: 6
  m_Component:
  - component: {fileID: 1379089973672105310}
  m_Layer: 0
  m_Name: SpiderRLeg11
  m_TagString: Untagged
  m_Icon: {fileID: 0}
  m_NavMeshLayer: 0
  m_StaticEditorFlags: 0
  m_IsActive: 1
--- !u!4 &1379089973672105310
Transform:
  m_ObjectHideFlags: 0
  m_CorrespondingSourceObject: {fileID: 0}
  m_PrefabInstance: {fileID: 0}
  m_PrefabAsset: {fileID: 0}
  m_GameObject: {fileID: 1379089973671676222}
  m_LocalRotation: {x: 0.85930824, y: -0.44291094, z: 0.25508952, w: -0.018673567}
  m_LocalPosition: {x: 0.00024757147, y: 0.000739443, z: -0.00059017586}
  m_LocalScale: {x: 0.9999995, y: 1.0000004, z: 0.99999994}
  m_Children:
  - {fileID: 1379089973672105308}
  m_Father: {fileID: 1379089973672105340}
  m_RootOrder: 7
  m_LocalEulerAnglesHint: {x: 0, y: 0, z: 0}
--- !u!1 &1379089973671676224
GameObject:
  m_ObjectHideFlags: 0
  m_CorrespondingSourceObject: {fileID: 0}
  m_PrefabInstance: {fileID: 0}
  m_PrefabAsset: {fileID: 0}
  serializedVersion: 6
  m_Component:
  - component: {fileID: 1379089973672105312}
  m_Layer: 0
  m_Name: SpiderLLeg23
  m_TagString: Untagged
  m_Icon: {fileID: 0}
  m_NavMeshLayer: 0
  m_StaticEditorFlags: 0
  m_IsActive: 1
--- !u!4 &1379089973672105312
Transform:
  m_ObjectHideFlags: 0
  m_CorrespondingSourceObject: {fileID: 0}
  m_PrefabInstance: {fileID: 0}
  m_PrefabAsset: {fileID: 0}
  m_GameObject: {fileID: 1379089973671676224}
  m_LocalRotation: {x: -0.004939301, y: 0.00066616846, z: 0.3530434, w: 0.93559366}
  m_LocalPosition: {x: -0.0021408345, y: 0, z: -2.6226044e-10}
  m_LocalScale: {x: 0.9999995, y: 1.0000002, z: 0.9999998}
  m_Children: []
  m_Father: {fileID: 1379089973672105314}
  m_RootOrder: 0
  m_LocalEulerAnglesHint: {x: 0, y: 0, z: 0}
--- !u!1 &1379089973671676226
GameObject:
  m_ObjectHideFlags: 0
  m_CorrespondingSourceObject: {fileID: 0}
  m_PrefabInstance: {fileID: 0}
  m_PrefabAsset: {fileID: 0}
  serializedVersion: 6
  m_Component:
  - component: {fileID: 1379089973672105314}
  m_Layer: 0
  m_Name: SpiderLLeg22
  m_TagString: Untagged
  m_Icon: {fileID: 0}
  m_NavMeshLayer: 0
  m_StaticEditorFlags: 0
  m_IsActive: 1
--- !u!4 &1379089973672105314
Transform:
  m_ObjectHideFlags: 0
  m_CorrespondingSourceObject: {fileID: 0}
  m_PrefabInstance: {fileID: 0}
  m_PrefabAsset: {fileID: 0}
  m_GameObject: {fileID: 1379089973671676226}
  m_LocalRotation: {x: 0.005060892, y: -0.017067276, z: 0.39576173, w: 0.9181807}
  m_LocalPosition: {x: -0.0020715343, y: -4.7683715e-11, z: 0}
  m_LocalScale: {x: 0.9999999, y: 1.0000004, z: 1.0000001}
  m_Children:
  - {fileID: 1379089973672105312}
  m_Father: {fileID: 1379089973672105316}
  m_RootOrder: 0
  m_LocalEulerAnglesHint: {x: 0, y: 0, z: 0}
--- !u!1 &1379089973671676228
GameObject:
  m_ObjectHideFlags: 0
  m_CorrespondingSourceObject: {fileID: 0}
  m_PrefabInstance: {fileID: 0}
  m_PrefabAsset: {fileID: 0}
  serializedVersion: 6
  m_Component:
  - component: {fileID: 1379089973672105316}
  m_Layer: 0
  m_Name: SpiderLLeg21
  m_TagString: Untagged
  m_Icon: {fileID: 0}
  m_NavMeshLayer: 0
  m_StaticEditorFlags: 0
  m_IsActive: 1
--- !u!4 &1379089973672105316
Transform:
  m_ObjectHideFlags: 0
  m_CorrespondingSourceObject: {fileID: 0}
  m_PrefabInstance: {fileID: 0}
  m_PrefabAsset: {fileID: 0}
  m_GameObject: {fileID: 1379089973671676228}
  m_LocalRotation: {x: 0.79353946, y: -0.34925935, z: -0.2649458, w: -0.42203897}
  m_LocalPosition: {x: 0.00024757147, y: 0.00020094441, z: 0.0005901789}
  m_LocalScale: {x: 0.9999996, y: 1.0000002, z: 1.0000001}
  m_Children:
  - {fileID: 1379089973672105314}
  m_Father: {fileID: 1379089973672105340}
  m_RootOrder: 2
  m_LocalEulerAnglesHint: {x: 0, y: 0, z: 0}
--- !u!1 &1379089973671676230
GameObject:
  m_ObjectHideFlags: 0
  m_CorrespondingSourceObject: {fileID: 0}
  m_PrefabInstance: {fileID: 0}
  m_PrefabAsset: {fileID: 0}
  serializedVersion: 6
  m_Component:
  - component: {fileID: 1379089973672105318}
  m_Layer: 0
  m_Name: SpiderLLeg13
  m_TagString: Untagged
  m_Icon: {fileID: 0}
  m_NavMeshLayer: 0
  m_StaticEditorFlags: 0
  m_IsActive: 1
--- !u!4 &1379089973672105318
Transform:
  m_ObjectHideFlags: 0
  m_CorrespondingSourceObject: {fileID: 0}
  m_PrefabInstance: {fileID: 0}
  m_PrefabAsset: {fileID: 0}
  m_GameObject: {fileID: 1379089973671676230}
  m_LocalRotation: {x: 0.008294216, y: -0.003024472, z: 0.2857708, w: 0.9582574}
  m_LocalPosition: {x: -0.0021408347, y: 0, z: 2.8610228e-10}
  m_LocalScale: {x: 1.0000002, y: 1.0000001, z: 0.99999994}
  m_Children: []
  m_Father: {fileID: 1379089973672105336}
  m_RootOrder: 0
  m_LocalEulerAnglesHint: {x: 0, y: 0, z: 0}
--- !u!1 &1379089973671676232
GameObject:
  m_ObjectHideFlags: 0
  m_CorrespondingSourceObject: {fileID: 0}
  m_PrefabInstance: {fileID: 0}
  m_PrefabAsset: {fileID: 0}
  serializedVersion: 6
  m_Component:
  - component: {fileID: 1379089973672105320}
  m_Layer: 0
  m_Name: SpiderLLeg41
  m_TagString: Untagged
  m_Icon: {fileID: 0}
  m_NavMeshLayer: 0
  m_StaticEditorFlags: 0
  m_IsActive: 1
--- !u!4 &1379089973672105320
Transform:
  m_ObjectHideFlags: 0
  m_CorrespondingSourceObject: {fileID: 0}
  m_PrefabInstance: {fileID: 0}
  m_PrefabAsset: {fileID: 0}
  m_GameObject: {fileID: 1379089973671676232}
  m_LocalRotation: {x: -0.16023003, y: 0.19515769, z: 0.51197743, w: 0.8210474}
  m_LocalPosition: {x: 0.00016556206, y: -0.0005673862, z: 0.00036347745}
  m_LocalScale: {x: 0.9999995, y: 1.0000004, z: 0.99999994}
  m_Children:
  - {fileID: 1379089973672105302}
  m_Father: {fileID: 1379089973672105340}
  m_RootOrder: 4
  m_LocalEulerAnglesHint: {x: 0, y: 0, z: 0}
--- !u!1 &1379089973671676234
GameObject:
  m_ObjectHideFlags: 0
  m_CorrespondingSourceObject: {fileID: 0}
  m_PrefabInstance: {fileID: 0}
  m_PrefabAsset: {fileID: 0}
  serializedVersion: 6
  m_Component:
  - component: {fileID: 1379089973672105322}
  m_Layer: 0
  m_Name: SpiderLLeg33
  m_TagString: Untagged
  m_Icon: {fileID: 0}
  m_NavMeshLayer: 0
  m_StaticEditorFlags: 0
  m_IsActive: 1
--- !u!4 &1379089973672105322
Transform:
  m_ObjectHideFlags: 0
  m_CorrespondingSourceObject: {fileID: 0}
  m_PrefabInstance: {fileID: 0}
  m_PrefabAsset: {fileID: 0}
  m_GameObject: {fileID: 1379089973671676234}
  m_LocalRotation: {x: -0.02839642, y: -0.04778056, z: 0.3730503, w: 0.9261448}
  m_LocalPosition: {x: -0.0021663147, y: -3.8146972e-10, z: 4.0531156e-10}
  m_LocalScale: {x: 1, y: 1, z: 1}
  m_Children: []
  m_Father: {fileID: 1379089973672105324}
  m_RootOrder: 0
  m_LocalEulerAnglesHint: {x: 0, y: 0, z: 0}
--- !u!1 &1379089973671676236
GameObject:
  m_ObjectHideFlags: 0
  m_CorrespondingSourceObject: {fileID: 0}
  m_PrefabInstance: {fileID: 0}
  m_PrefabAsset: {fileID: 0}
  serializedVersion: 6
  m_Component:
  - component: {fileID: 1379089973672105324}
  m_Layer: 0
  m_Name: SpiderLLeg32
  m_TagString: Untagged
  m_Icon: {fileID: 0}
  m_NavMeshLayer: 0
  m_StaticEditorFlags: 0
  m_IsActive: 1
--- !u!4 &1379089973672105324
Transform:
  m_ObjectHideFlags: 0
  m_CorrespondingSourceObject: {fileID: 0}
  m_PrefabInstance: {fileID: 0}
  m_PrefabAsset: {fileID: 0}
  m_GameObject: {fileID: 1379089973671676236}
  m_LocalRotation: {x: -0.011658412, y: -0.057409137, z: 0.41680408, w: 0.90710676}
  m_LocalPosition: {x: -0.0020392193, y: -3.33786e-10, z: -7.152557e-11}
  m_LocalScale: {x: 0.9999998, y: 1.0000005, z: 1.0000001}
  m_Children:
  - {fileID: 1379089973672105322}
  m_Father: {fileID: 1379089973672105326}
  m_RootOrder: 0
  m_LocalEulerAnglesHint: {x: 0, y: 0, z: 0}
--- !u!1 &1379089973671676238
GameObject:
  m_ObjectHideFlags: 0
  m_CorrespondingSourceObject: {fileID: 0}
  m_PrefabInstance: {fileID: 0}
  m_PrefabAsset: {fileID: 0}
  serializedVersion: 6
  m_Component:
  - component: {fileID: 1379089973672105326}
  m_Layer: 0
  m_Name: SpiderLLeg31
  m_TagString: Untagged
  m_Icon: {fileID: 0}
  m_NavMeshLayer: 0
  m_StaticEditorFlags: 0
  m_IsActive: 1
--- !u!4 &1379089973672105326
Transform:
  m_ObjectHideFlags: 0
  m_CorrespondingSourceObject: {fileID: 0}
  m_PrefabInstance: {fileID: 0}
  m_PrefabAsset: {fileID: 0}
  m_GameObject: {fileID: 1379089973671676238}
  m_LocalRotation: {x: -0.48851207, y: 0.22309986, z: 0.34879422, w: 0.76806575}
  m_LocalPosition: {x: 0.00022294569, y: -0.00032291477, z: 0.000615178}
  m_LocalScale: {x: 0.99999964, y: 1.0000002, z: 1}
  m_Children:
  - {fileID: 1379089973672105324}
  m_Father: {fileID: 1379089973672105340}
  m_RootOrder: 3
  m_LocalEulerAnglesHint: {x: 0, y: 0, z: 0}
--- !u!1 &1379089973671676240
GameObject:
  m_ObjectHideFlags: 0
  m_CorrespondingSourceObject: {fileID: 0}
  m_PrefabInstance: {fileID: 0}
  m_PrefabAsset: {fileID: 0}
  serializedVersion: 6
  m_Component:
  - component: {fileID: 1379089973672105328}
  - component: {fileID: 1379089973685273686}
  m_Layer: 0
  m_Name: spider_rgl_LOD0
  m_TagString: Untagged
  m_Icon: {fileID: 0}
  m_NavMeshLayer: 0
  m_StaticEditorFlags: 0
  m_IsActive: 1
--- !u!4 &1379089973672105328
Transform:
  m_ObjectHideFlags: 0
  m_CorrespondingSourceObject: {fileID: 0}
  m_PrefabInstance: {fileID: 0}
  m_PrefabAsset: {fileID: 0}
  m_GameObject: {fileID: 1379089973671676240}
  m_LocalRotation: {x: -0.7071068, y: -0, z: -0, w: 0.7071068}
  m_LocalPosition: {x: 0, y: 0, z: 0}
  m_LocalScale: {x: 1, y: 1, z: 1}
  m_Children: []
  m_Father: {fileID: 4346157692274948142}
  m_RootOrder: 1
  m_LocalEulerAnglesHint: {x: 0, y: 0, z: 0}
--- !u!137 &1379089973685273686
SkinnedMeshRenderer:
  m_ObjectHideFlags: 0
  m_CorrespondingSourceObject: {fileID: 0}
  m_PrefabInstance: {fileID: 0}
  m_PrefabAsset: {fileID: 0}
  m_GameObject: {fileID: 1379089973671676240}
  m_Enabled: 1
  m_CastShadows: 1
  m_ReceiveShadows: 1
  m_DynamicOccludee: 1
  m_MotionVectors: 1
  m_LightProbeUsage: 1
  m_ReflectionProbeUsage: 1
  m_RenderingLayerMask: 1
  m_RendererPriority: 0
  m_Materials:
  - {fileID: 2100000, guid: a638ddc2cf77eeb408930f3ac116181b, type: 2}
  m_StaticBatchInfo:
    firstSubMesh: 0
    subMeshCount: 0
  m_StaticBatchRoot: {fileID: 0}
  m_ProbeAnchor: {fileID: 0}
  m_LightProbeVolumeOverride: {fileID: 0}
  m_ScaleInLightmap: 1
  m_ReceiveGI: 1
  m_PreserveUVs: 0
  m_IgnoreNormalsForChartDetection: 0
  m_ImportantGI: 0
  m_StitchLightmapSeams: 1
  m_SelectedEditorRenderState: 3
  m_MinimumChartSize: 4
  m_AutoUVMaxDistance: 0.5
  m_AutoUVMaxAngle: 89
  m_LightmapParameters: {fileID: 0}
  m_SortingLayerID: 0
  m_SortingLayer: 0
  m_SortingOrder: 0
  serializedVersion: 2
  m_Quality: 0
  m_UpdateWhenOffscreen: 0
  m_SkinnedMotionVectors: 1
  m_Mesh: {fileID: 4300002, guid: ef6f745a28694f34cb34f4e80afefd4c, type: 3}
  m_Bones:
  - {fileID: 1379089973672105340}
  - {fileID: 1379089973672105330}
  - {fileID: 1379089973672105298}
  - {fileID: 1379089973672105296}
  - {fileID: 1379089973672105338}
  - {fileID: 1379089973672105336}
  - {fileID: 1379089973672105318}
  - {fileID: 1379089973672105314}
  - {fileID: 1379089973672105312}
  - {fileID: 1379089973672105316}
  - {fileID: 1379089973672105324}
  - {fileID: 1379089973672105322}
  - {fileID: 1379089973672105326}
  - {fileID: 1379089973672105302}
  - {fileID: 1379089973672105300}
  - {fileID: 1379089973672105320}
  - {fileID: 1379089973672105310}
  - {fileID: 1379089973672105308}
  - {fileID: 1379089973672105306}
  - {fileID: 1379089973672105286}
  - {fileID: 1379089973672105284}
  - {fileID: 1379089973672105304}
  - {fileID: 1379089973672105280}
  - {fileID: 1379089973672105294}
  - {fileID: 1379089973672105282}
  - {fileID: 1379089973672105290}
  - {fileID: 1379089973672105288}
  - {fileID: 1379089973672105292}
  m_BlendShapeWeights: []
  m_RootBone: {fileID: 1379089973672105340}
  m_AABB:
    m_Center: {x: -0.00037427613, y: 0.0005370211, z: 0.00004522875}
    m_Extent: {x: 0.0016242489, y: 0.00558916, z: 0.005191016}
  m_DirtyAABB: 0
--- !u!1 &1379089973671676242
GameObject:
  m_ObjectHideFlags: 0
  m_CorrespondingSourceObject: {fileID: 0}
  m_PrefabInstance: {fileID: 0}
  m_PrefabAsset: {fileID: 0}
  serializedVersion: 6
  m_Component:
  - component: {fileID: 1379089973672105330}
  m_Layer: 0
  m_Name: Spider_back
  m_TagString: Untagged
  m_Icon: {fileID: 0}
  m_NavMeshLayer: 0
  m_StaticEditorFlags: 0
  m_IsActive: 1
--- !u!4 &1379089973672105330
Transform:
  m_ObjectHideFlags: 0
  m_CorrespondingSourceObject: {fileID: 0}
  m_PrefabInstance: {fileID: 0}
  m_PrefabAsset: {fileID: 0}
  m_GameObject: {fileID: 1379089973671676242}
  m_LocalRotation: {x: 0.0000000393729, y: 0.000000041112905, z: 0.7222248, w: 0.69165844}
  m_LocalPosition: {x: -0, y: -0.00090511807, z: 1.3411044e-10}
  m_LocalScale: {x: 0.9999995, y: 1.0000005, z: 1}
  m_Children: []
  m_Father: {fileID: 1379089973672105340}
  m_RootOrder: 0
  m_LocalEulerAnglesHint: {x: 0, y: 0, z: 0}
--- !u!1 &1379089973671676244
GameObject:
  m_ObjectHideFlags: 0
  m_CorrespondingSourceObject: {fileID: 0}
  m_PrefabInstance: {fileID: 0}
  m_PrefabAsset: {fileID: 0}
  serializedVersion: 6
  m_Component:
  - component: {fileID: 1379089973672105332}
  - component: {fileID: 1379089973681175190}
  - component: {fileID: 1379089973692170710}
  m_Layer: 0
  m_Name: spiderUpsidedown
  m_TagString: Untagged
  m_Icon: {fileID: 0}
  m_NavMeshLayer: 0
  m_StaticEditorFlags: 0
  m_IsActive: 1
--- !u!4 &1379089973672105332
Transform:
  m_ObjectHideFlags: 0
  m_CorrespondingSourceObject: {fileID: 0}
  m_PrefabInstance: {fileID: 0}
  m_PrefabAsset: {fileID: 0}
  m_GameObject: {fileID: 1379089973671676244}
  m_LocalRotation: {x: 0, y: 0, z: 0, w: 1}
  m_LocalPosition: {x: 0, y: 0, z: 0}
  m_LocalScale: {x: 20, y: 20, z: 20}
  m_Children:
  - {fileID: 4346157692274948142}
  m_Father: {fileID: 0}
  m_RootOrder: 0
  m_LocalEulerAnglesHint: {x: 0, y: 0, z: 0}
--- !u!95 &1379089973681175190
Animator:
  serializedVersion: 3
  m_ObjectHideFlags: 0
  m_CorrespondingSourceObject: {fileID: 0}
  m_PrefabInstance: {fileID: 0}
  m_PrefabAsset: {fileID: 0}
  m_GameObject: {fileID: 1379089973671676244}
  m_Enabled: 1
  m_Avatar: {fileID: 9000000, guid: ef6f745a28694f34cb34f4e80afefd4c, type: 3}
  m_Controller: {fileID: 9100000, guid: 62f470aae19ecf74b8375188797fd75b, type: 2}
  m_CullingMode: 1
  m_UpdateMode: 0
  m_ApplyRootMotion: 0
  m_LinearVelocityBlending: 0
  m_WarningMessage: 
  m_HasTransformHierarchy: 1
  m_AllowConstantClipSamplingOptimization: 1
  m_KeepAnimatorControllerStateOnDisable: 0
--- !u!205 &1379089973692170710
LODGroup:
  m_ObjectHideFlags: 0
  m_CorrespondingSourceObject: {fileID: 0}
  m_PrefabInstance: {fileID: 0}
  m_PrefabAsset: {fileID: 0}
  m_GameObject: {fileID: 1379089973671676244}
  serializedVersion: 2
  m_LocalReferencePoint: {x: 0.0000015790574, y: 0.0015014427, z: 0.00021693576}
  m_Size: 0.0112806335
  m_FadeMode: 0
  m_AnimateCrossFading: 0
  m_LastLODIsBillboard: 0
  m_LODs:
  - screenRelativeHeight: 0.25
    fadeTransitionWidth: 0
    renderers:
    - renderer: {fileID: 1379089973685273686}
  - screenRelativeHeight: 0.01
    fadeTransitionWidth: 0
    renderers:
    - renderer: {fileID: 1379089973685273684}
  m_Enabled: 1
--- !u!1 &1379089973671676246
GameObject:
  m_ObjectHideFlags: 0
  m_CorrespondingSourceObject: {fileID: 0}
  m_PrefabInstance: {fileID: 0}
  m_PrefabAsset: {fileID: 0}
  serializedVersion: 6
  m_Component:
  - component: {fileID: 1379089973672105334}
  m_Layer: 0
  m_Name: root
  m_TagString: Untagged
  m_Icon: {fileID: 0}
  m_NavMeshLayer: 0
  m_StaticEditorFlags: 0
  m_IsActive: 1
--- !u!4 &1379089973672105334
Transform:
  m_ObjectHideFlags: 0
  m_CorrespondingSourceObject: {fileID: 0}
  m_PrefabInstance: {fileID: 0}
  m_PrefabAsset: {fileID: 0}
  m_GameObject: {fileID: 1379089973671676246}
  m_LocalRotation: {x: -0.7071068, y: -0, z: -0, w: 0.7071068}
  m_LocalPosition: {x: 0, y: 0, z: 0}
  m_LocalScale: {x: 1, y: 1, z: 1}
  m_Children:
  - {fileID: 1379089973672105340}
  m_Father: {fileID: 4346157692274948142}
  m_RootOrder: 0
  m_LocalEulerAnglesHint: {x: 0, y: 0, z: 0}
--- !u!1 &1379089973671676248
GameObject:
  m_ObjectHideFlags: 0
  m_CorrespondingSourceObject: {fileID: 0}
  m_PrefabInstance: {fileID: 0}
  m_PrefabAsset: {fileID: 0}
  serializedVersion: 6
  m_Component:
  - component: {fileID: 1379089973672105336}
  m_Layer: 0
  m_Name: SpiderLLeg12
  m_TagString: Untagged
  m_Icon: {fileID: 0}
  m_NavMeshLayer: 0
  m_StaticEditorFlags: 0
  m_IsActive: 1
--- !u!4 &1379089973672105336
Transform:
  m_ObjectHideFlags: 0
  m_CorrespondingSourceObject: {fileID: 0}
  m_PrefabInstance: {fileID: 0}
  m_PrefabAsset: {fileID: 0}
  m_GameObject: {fileID: 1379089973671676248}
  m_LocalRotation: {x: 0.18552305, y: 0.028383235, z: 0.31868663, w: 0.92909336}
  m_LocalPosition: {x: -0.0019431886, y: 0, z: 3.0994415e-10}
  m_LocalScale: {x: 0.99999976, y: 1.0000001, z: 0.99999964}
  m_Children:
  - {fileID: 1379089973672105318}
  m_Father: {fileID: 1379089973672105338}
  m_RootOrder: 0
  m_LocalEulerAnglesHint: {x: 0, y: 0, z: 0}
--- !u!1 &1379089973671676250
GameObject:
  m_ObjectHideFlags: 0
  m_CorrespondingSourceObject: {fileID: 0}
  m_PrefabInstance: {fileID: 0}
  m_PrefabAsset: {fileID: 0}
  serializedVersion: 6
  m_Component:
  - component: {fileID: 1379089973672105338}
  m_Layer: 0
  m_Name: SpiderLLeg11
  m_TagString: Untagged
  m_Icon: {fileID: 0}
  m_NavMeshLayer: 0
  m_StaticEditorFlags: 0
  m_IsActive: 1
--- !u!4 &1379089973672105338
Transform:
  m_ObjectHideFlags: 0
  m_CorrespondingSourceObject: {fileID: 0}
  m_PrefabInstance: {fileID: 0}
  m_PrefabAsset: {fileID: 0}
  m_GameObject: {fileID: 1379089973671676250}
  m_LocalRotation: {x: 0.85669357, y: -0.44618294, z: -0.25853786, w: 0.012454415}
  m_LocalPosition: {x: 0.00024757147, y: 0.000739443, z: 0.0005901758}
  m_LocalScale: {x: 0.9999996, y: 1.0000002, z: 1.0000001}
  m_Children:
  - {fileID: 1379089973672105336}
  m_Father: {fileID: 1379089973672105340}
  m_RootOrder: 1
  m_LocalEulerAnglesHint: {x: 0, y: 0, z: 0}
--- !u!1 &1379089973671676252
GameObject:
  m_ObjectHideFlags: 0
  m_CorrespondingSourceObject: {fileID: 0}
  m_PrefabInstance: {fileID: 0}
  m_PrefabAsset: {fileID: 0}
  serializedVersion: 6
  m_Component:
  - component: {fileID: 1379089973672105340}
  m_Layer: 0
  m_Name: SpiderHub
  m_TagString: Untagged
  m_Icon: {fileID: 0}
  m_NavMeshLayer: 0
  m_StaticEditorFlags: 0
  m_IsActive: 1
--- !u!4 &1379089973672105340
Transform:
  m_ObjectHideFlags: 0
  m_CorrespondingSourceObject: {fileID: 0}
  m_PrefabInstance: {fileID: 0}
  m_PrefabAsset: {fileID: 0}
  m_GameObject: {fileID: 1379089973671676252}
  m_LocalRotation: {x: 0.7071069, y: 0.000000030908616, z: -0.70710665, w: 0.000000030908627}
  m_LocalPosition: {x: 0.000046948287, y: 0.00027491472, z: 0.001153071}
  m_LocalScale: {x: 1, y: 1.0000005, z: 1.0000005}
  m_Children:
  - {fileID: 1379089973672105330}
  - {fileID: 1379089973672105338}
  - {fileID: 1379089973672105316}
  - {fileID: 1379089973672105326}
  - {fileID: 1379089973672105320}
  - {fileID: 1379089973672105298}
  - {fileID: 1379089973672105296}
  - {fileID: 1379089973672105310}
  - {fileID: 1379089973672105304}
  - {fileID: 1379089973672105282}
  - {fileID: 1379089973672105292}
  m_Father: {fileID: 1379089973672105334}
  m_RootOrder: 0
  m_LocalEulerAnglesHint: {x: 0, y: 0, z: 0}
--- !u!1 &1379089973671676254
GameObject:
  m_ObjectHideFlags: 0
  m_CorrespondingSourceObject: {fileID: 0}
  m_PrefabInstance: {fileID: 0}
  m_PrefabAsset: {fileID: 0}
  serializedVersion: 6
  m_Component:
  - component: {fileID: 1379089973672105342}
  - component: {fileID: 1379089973685273684}
  m_Layer: 0
  m_Name: spider_rgl_LOD1
  m_TagString: Untagged
  m_Icon: {fileID: 0}
  m_NavMeshLayer: 0
  m_StaticEditorFlags: 0
  m_IsActive: 1
--- !u!4 &1379089973672105342
Transform:
  m_ObjectHideFlags: 0
  m_CorrespondingSourceObject: {fileID: 0}
  m_PrefabInstance: {fileID: 0}
  m_PrefabAsset: {fileID: 0}
  m_GameObject: {fileID: 1379089973671676254}
  m_LocalRotation: {x: -0.7071068, y: -0, z: -0, w: 0.7071068}
  m_LocalPosition: {x: 0, y: 0, z: 0}
  m_LocalScale: {x: 1, y: 1, z: 1}
  m_Children: []
  m_Father: {fileID: 4346157692274948142}
  m_RootOrder: 2
  m_LocalEulerAnglesHint: {x: 0, y: 0, z: 0}
--- !u!137 &1379089973685273684
SkinnedMeshRenderer:
  m_ObjectHideFlags: 0
  m_CorrespondingSourceObject: {fileID: 0}
  m_PrefabInstance: {fileID: 0}
  m_PrefabAsset: {fileID: 0}
  m_GameObject: {fileID: 1379089973671676254}
  m_Enabled: 1
  m_CastShadows: 1
  m_ReceiveShadows: 1
  m_DynamicOccludee: 1
  m_MotionVectors: 1
  m_LightProbeUsage: 1
  m_ReflectionProbeUsage: 1
  m_RenderingLayerMask: 1
  m_RendererPriority: 0
  m_Materials:
  - {fileID: 2100000, guid: a638ddc2cf77eeb408930f3ac116181b, type: 2}
  m_StaticBatchInfo:
    firstSubMesh: 0
    subMeshCount: 0
  m_StaticBatchRoot: {fileID: 0}
  m_ProbeAnchor: {fileID: 0}
  m_LightProbeVolumeOverride: {fileID: 0}
  m_ScaleInLightmap: 1
  m_ReceiveGI: 1
  m_PreserveUVs: 0
  m_IgnoreNormalsForChartDetection: 0
  m_ImportantGI: 0
  m_StitchLightmapSeams: 1
  m_SelectedEditorRenderState: 3
  m_MinimumChartSize: 4
  m_AutoUVMaxDistance: 0.5
  m_AutoUVMaxAngle: 89
  m_LightmapParameters: {fileID: 0}
  m_SortingLayerID: 0
  m_SortingLayer: 0
  m_SortingOrder: 0
  serializedVersion: 2
  m_Quality: 0
  m_UpdateWhenOffscreen: 0
  m_SkinnedMotionVectors: 1
  m_Mesh: {fileID: 4300000, guid: ef6f745a28694f34cb34f4e80afefd4c, type: 3}
  m_Bones:
  - {fileID: 1379089973672105340}
  - {fileID: 1379089973672105330}
  - {fileID: 1379089973672105292}
  - {fileID: 1379089973672105290}
  - {fileID: 1379089973672105298}
  - {fileID: 1379089973672105296}
  - {fileID: 1379089973672105310}
  - {fileID: 1379089973672105306}
  - {fileID: 1379089973672105308}
  - {fileID: 1379089973672105304}
  - {fileID: 1379089973672105286}
  - {fileID: 1379089973672105284}
  - {fileID: 1379089973672105282}
  - {fileID: 1379089973672105280}
  - {fileID: 1379089973672105294}
  - {fileID: 1379089973672105288}
  - {fileID: 1379089973672105320}
  - {fileID: 1379089973672105302}
  - {fileID: 1379089973672105338}
  - {fileID: 1379089973672105336}
  - {fileID: 1379089973672105318}
  - {fileID: 1379089973672105316}
  - {fileID: 1379089973672105314}
  - {fileID: 1379089973672105312}
  - {fileID: 1379089973672105326}
  - {fileID: 1379089973672105324}
  - {fileID: 1379089973672105322}
  - {fileID: 1379089973672105300}
  m_BlendShapeWeights: []
  m_RootBone: {fileID: 1379089973672105340}
  m_AABB:
    m_Center: {x: -0.00034837145, y: 0.0004918503, z: 0.000045368914}
    m_Extent: {x: 0.0016501534, y: 0.005640314, z: 0.0052571306}
  m_DirtyAABB: 0
