%YAML 1.1
%TAG !u! tag:unity3d.com,2011:
--- !u!1001 &100100000
Prefab:
  m_ObjectHideFlags: 1
  serializedVersion: 2
  m_Modification:
    m_TransformParent: {fileID: 0}
    m_Modifications: []
    m_RemovedComponents: []
  m_ParentPrefab: {fileID: 0}
  m_RootGameObject: {fileID: 1177884714016204}
  m_IsPrefabParent: 1
--- !u!1 &1045994691040474
GameObject:
  m_ObjectHideFlags: 1
  m_PrefabParentObject: {fileID: 0}
  m_PrefabInternal: {fileID: 100100000}
  serializedVersion: 5
  m_Component:
  - component: {fileID: 4269347269947580}
  m_Layer: 0
  m_Name: FlyHub
  m_TagString: Untagged
  m_Icon: {fileID: 0}
  m_NavMeshLayer: 0
  m_StaticEditorFlags: 0
  m_IsActive: 1
--- !u!1 &1055730327277658
GameObject:
  m_ObjectHideFlags: 0
  m_PrefabParentObject: {fileID: 0}
  m_PrefabInternal: {fileID: 100100000}
  serializedVersion: 5
  m_Component:
  - component: {fileID: 4271723283784600}
  - component: {fileID: 137599286968382318}
  m_Layer: 0
  m_Name: fly_LOD0
  m_TagString: Untagged
  m_Icon: {fileID: 0}
  m_NavMeshLayer: 0
  m_StaticEditorFlags: 0
  m_IsActive: 1
--- !u!1 &1073867116131166
GameObject:
  m_ObjectHideFlags: 1
  m_PrefabParentObject: {fileID: 0}
  m_PrefabInternal: {fileID: 100100000}
  serializedVersion: 5
  m_Component:
  - component: {fileID: 4691739953871096}
  m_Layer: 0
  m_Name: FlyRLeg3Collarbone
  m_TagString: Untagged
  m_Icon: {fileID: 0}
  m_NavMeshLayer: 0
  m_StaticEditorFlags: 0
  m_IsActive: 1
--- !u!1 &1107504127886782
GameObject:
  m_ObjectHideFlags: 1
  m_PrefabParentObject: {fileID: 0}
  m_PrefabInternal: {fileID: 100100000}
  serializedVersion: 5
  m_Component:
  - component: {fileID: 4539897931640568}
  m_Layer: 0
  m_Name: FlyRLeg12
  m_TagString: Untagged
  m_Icon: {fileID: 0}
  m_NavMeshLayer: 0
  m_StaticEditorFlags: 0
  m_IsActive: 1
--- !u!1 &1121428066630400
GameObject:
  m_ObjectHideFlags: 1
  m_PrefabParentObject: {fileID: 0}
  m_PrefabInternal: {fileID: 100100000}
  serializedVersion: 5
  m_Component:
  - component: {fileID: 4224565901771096}
  m_Layer: 0
  m_Name: FlyRLeg2Collarbone
  m_TagString: Untagged
  m_Icon: {fileID: 0}
  m_NavMeshLayer: 0
  m_StaticEditorFlags: 0
  m_IsActive: 1
--- !u!1 &1161602140644456
GameObject:
  m_ObjectHideFlags: 0
  m_PrefabParentObject: {fileID: 0}
  m_PrefabInternal: {fileID: 100100000}
  serializedVersion: 5
  m_Component:
  - component: {fileID: 4211423529687356}
  m_Layer: 0
  m_Name: root
  m_TagString: Untagged
  m_Icon: {fileID: 0}
  m_NavMeshLayer: 0
  m_StaticEditorFlags: 0
  m_IsActive: 1
--- !u!1 &1177884714016204
GameObject:
  m_ObjectHideFlags: 0
  m_PrefabParentObject: {fileID: 0}
  m_PrefabInternal: {fileID: 100100000}
  serializedVersion: 5
  m_Component:
  - component: {fileID: 4713620492467712}
  - component: {fileID: 95021705625006298}
  - component: {fileID: 205171165298839960}
  m_Layer: 0
  m_Name: fly_01
  m_TagString: Untagged
  m_Icon: {fileID: 0}
  m_NavMeshLayer: 0
  m_StaticEditorFlags: 0
  m_IsActive: 1
--- !u!1 &1178316254962086
GameObject:
  m_ObjectHideFlags: 1
  m_PrefabParentObject: {fileID: 0}
  m_PrefabInternal: {fileID: 100100000}
  serializedVersion: 5
  m_Component:
  - component: {fileID: 4813073341129650}
  m_Layer: 0
  m_Name: FlyLLeg31
  m_TagString: Untagged
  m_Icon: {fileID: 0}
  m_NavMeshLayer: 0
  m_StaticEditorFlags: 0
  m_IsActive: 1
--- !u!1 &1210459973866754
GameObject:
  m_ObjectHideFlags: 1
  m_PrefabParentObject: {fileID: 0}
  m_PrefabInternal: {fileID: 100100000}
  serializedVersion: 5
  m_Component:
  - component: {fileID: 4009620912499146}
  m_Layer: 0
  m_Name: FlyHead
  m_TagString: Untagged
  m_Icon: {fileID: 0}
  m_NavMeshLayer: 0
  m_StaticEditorFlags: 0
  m_IsActive: 1
--- !u!1 &1221257190157464
GameObject:
  m_ObjectHideFlags: 1
  m_PrefabParentObject: {fileID: 0}
  m_PrefabInternal: {fileID: 100100000}
  serializedVersion: 5
  m_Component:
  - component: {fileID: 4465733850660282}
  m_Layer: 0
  m_Name: FlyRLeg31
  m_TagString: Untagged
  m_Icon: {fileID: 0}
  m_NavMeshLayer: 0
  m_StaticEditorFlags: 0
  m_IsActive: 1
--- !u!1 &1246463154758980
GameObject:
  m_ObjectHideFlags: 1
  m_PrefabParentObject: {fileID: 0}
  m_PrefabInternal: {fileID: 100100000}
  serializedVersion: 5
  m_Component:
  - component: {fileID: 4509482477450566}
  m_Layer: 0
  m_Name: FlyRLeg1Collarbone
  m_TagString: Untagged
  m_Icon: {fileID: 0}
  m_NavMeshLayer: 0
  m_StaticEditorFlags: 0
  m_IsActive: 1
--- !u!1 &1362493453862076
GameObject:
  m_ObjectHideFlags: 1
  m_PrefabParentObject: {fileID: 0}
  m_PrefabInternal: {fileID: 100100000}
  serializedVersion: 5
  m_Component:
  - component: {fileID: 4594999894640428}
  m_Layer: 0
  m_Name: FlyAntena_L1
  m_TagString: Untagged
  m_Icon: {fileID: 0}
  m_NavMeshLayer: 0
  m_StaticEditorFlags: 0
  m_IsActive: 1
--- !u!1 &1365812366534754
GameObject:
  m_ObjectHideFlags: 1
  m_PrefabParentObject: {fileID: 0}
  m_PrefabInternal: {fileID: 100100000}
  serializedVersion: 5
  m_Component:
  - component: {fileID: 4641055859936260}
  m_Layer: 0
  m_Name: FlyR2LegAnkle
  m_TagString: Untagged
  m_Icon: {fileID: 0}
  m_NavMeshLayer: 0
  m_StaticEditorFlags: 0
  m_IsActive: 1
--- !u!1 &1395783445722680
GameObject:
  m_ObjectHideFlags: 1
  m_PrefabParentObject: {fileID: 0}
  m_PrefabInternal: {fileID: 100100000}
  serializedVersion: 5
  m_Component:
  - component: {fileID: 4039641519808026}
  m_Layer: 0
  m_Name: FlyLLeg3Ankle
  m_TagString: Untagged
  m_Icon: {fileID: 0}
  m_NavMeshLayer: 0
  m_StaticEditorFlags: 0
  m_IsActive: 1
--- !u!1 &1531414424532108
GameObject:
  m_ObjectHideFlags: 1
  m_PrefabParentObject: {fileID: 0}
  m_PrefabInternal: {fileID: 100100000}
  serializedVersion: 5
  m_Component:
  - component: {fileID: 4847452008872316}
  m_Layer: 0
  m_Name: FlyTail2
  m_TagString: Untagged
  m_Icon: {fileID: 0}
  m_NavMeshLayer: 0
  m_StaticEditorFlags: 0
  m_IsActive: 1
--- !u!1 &1578708564469946
GameObject:
  m_ObjectHideFlags: 1
  m_PrefabParentObject: {fileID: 0}
  m_PrefabInternal: {fileID: 100100000}
  serializedVersion: 5
  m_Component:
  - component: {fileID: 4100419953700552}
  m_Layer: 0
  m_Name: FlyRLeg2Collarbone 1
  m_TagString: Untagged
  m_Icon: {fileID: 0}
  m_NavMeshLayer: 0
  m_StaticEditorFlags: 0
  m_IsActive: 1
--- !u!1 &1593062962497078
GameObject:
  m_ObjectHideFlags: 1
  m_PrefabParentObject: {fileID: 0}
  m_PrefabInternal: {fileID: 100100000}
  serializedVersion: 5
  m_Component:
  - component: {fileID: 4530697432423698}
  m_Layer: 0
  m_Name: FlyNeck
  m_TagString: Untagged
  m_Icon: {fileID: 0}
  m_NavMeshLayer: 0
  m_StaticEditorFlags: 0
  m_IsActive: 1
--- !u!1 &1613529671977204
GameObject:
  m_ObjectHideFlags: 1
  m_PrefabParentObject: {fileID: 0}
  m_PrefabInternal: {fileID: 100100000}
  serializedVersion: 5
  m_Component:
  - component: {fileID: 4353412105223400}
  m_Layer: 0
  m_Name: FlyRLeg11
  m_TagString: Untagged
  m_Icon: {fileID: 0}
  m_NavMeshLayer: 0
  m_StaticEditorFlags: 0
  m_IsActive: 1
--- !u!1 &1667016155663682
GameObject:
  m_ObjectHideFlags: 1
  m_PrefabParentObject: {fileID: 0}
  m_PrefabInternal: {fileID: 100100000}
  serializedVersion: 5
  m_Component:
  - component: {fileID: 4467731410972930}
  m_Layer: 0
  m_Name: FlyRLeg22 1
  m_TagString: Untagged
  m_Icon: {fileID: 0}
  m_NavMeshLayer: 0
  m_StaticEditorFlags: 0
  m_IsActive: 1
--- !u!1 &1674431903531130
GameObject:
  m_ObjectHideFlags: 1
  m_PrefabParentObject: {fileID: 0}
  m_PrefabInternal: {fileID: 100100000}
  serializedVersion: 5
  m_Component:
  - component: {fileID: 4537233487659264}
  m_Layer: 0
  m_Name: FlyWing_R2
  m_TagString: Untagged
  m_Icon: {fileID: 0}
  m_NavMeshLayer: 0
  m_StaticEditorFlags: 0
  m_IsActive: 1
--- !u!1 &1702873215814980
GameObject:
  m_ObjectHideFlags: 1
  m_PrefabParentObject: {fileID: 0}
  m_PrefabInternal: {fileID: 100100000}
  serializedVersion: 5
  m_Component:
  - component: {fileID: 4257654316252502}
  m_Layer: 0
  m_Name: FlyRLeg2Ankle
  m_TagString: Untagged
  m_Icon: {fileID: 0}
  m_NavMeshLayer: 0
  m_StaticEditorFlags: 0
  m_IsActive: 1
--- !u!1 &1725384182254778
GameObject:
  m_ObjectHideFlags: 1
  m_PrefabParentObject: {fileID: 0}
  m_PrefabInternal: {fileID: 100100000}
  serializedVersion: 5
  m_Component:
  - component: {fileID: 4773203666056918}
  m_Layer: 0
  m_Name: FlyWing_L1
  m_TagString: Untagged
  m_Icon: {fileID: 0}
  m_NavMeshLayer: 0
  m_StaticEditorFlags: 0
  m_IsActive: 1
--- !u!1 &1727833523588090
GameObject:
  m_ObjectHideFlags: 1
  m_PrefabParentObject: {fileID: 0}
  m_PrefabInternal: {fileID: 100100000}
  serializedVersion: 5
  m_Component:
  - component: {fileID: 4888146709048012}
  m_Layer: 0
  m_Name: FlyAntena_L2
  m_TagString: Untagged
  m_Icon: {fileID: 0}
  m_NavMeshLayer: 0
  m_StaticEditorFlags: 0
  m_IsActive: 1
--- !u!1 &1728521677884486
GameObject:
  m_ObjectHideFlags: 1
  m_PrefabParentObject: {fileID: 0}
  m_PrefabInternal: {fileID: 100100000}
  serializedVersion: 5
  m_Component:
  - component: {fileID: 4973073570971524}
  m_Layer: 0
  m_Name: FlyAntena_R2
  m_TagString: Untagged
  m_Icon: {fileID: 0}
  m_NavMeshLayer: 0
  m_StaticEditorFlags: 0
  m_IsActive: 1
--- !u!1 &1734229933844346
GameObject:
  m_ObjectHideFlags: 1
  m_PrefabParentObject: {fileID: 0}
  m_PrefabInternal: {fileID: 100100000}
  serializedVersion: 5
  m_Component:
  - component: {fileID: 4862968877967946}
  m_Layer: 0
  m_Name: FlyLLeg12
  m_TagString: Untagged
  m_Icon: {fileID: 0}
  m_NavMeshLayer: 0
  m_StaticEditorFlags: 0
  m_IsActive: 1
--- !u!1 &1752214774685134
GameObject:
  m_ObjectHideFlags: 1
  m_PrefabParentObject: {fileID: 0}
  m_PrefabInternal: {fileID: 100100000}
  serializedVersion: 5
  m_Component:
  - component: {fileID: 4003562210207862}
  m_Layer: 0
  m_Name: FlyLLeg1Collarbone
  m_TagString: Untagged
  m_Icon: {fileID: 0}
  m_NavMeshLayer: 0
  m_StaticEditorFlags: 0
  m_IsActive: 1
--- !u!1 &1758556266371392
GameObject:
  m_ObjectHideFlags: 1
  m_PrefabParentObject: {fileID: 0}
  m_PrefabInternal: {fileID: 100100000}
  serializedVersion: 5
  m_Component:
  - component: {fileID: 4876923817313814}
  m_Layer: 0
  m_Name: FlyRLeg22
  m_TagString: Untagged
  m_Icon: {fileID: 0}
  m_NavMeshLayer: 0
  m_StaticEditorFlags: 0
  m_IsActive: 1
--- !u!1 &1758608905093270
GameObject:
  m_ObjectHideFlags: 0
  m_PrefabParentObject: {fileID: 0}
  m_PrefabInternal: {fileID: 100100000}
  serializedVersion: 5
  m_Component:
  - component: {fileID: 4537322579059952}
  - component: {fileID: 137726912701437226}
  m_Layer: 0
  m_Name: fly_LOD1
  m_TagString: Untagged
  m_Icon: {fileID: 0}
  m_NavMeshLayer: 0
  m_StaticEditorFlags: 0
  m_IsActive: 1
--- !u!1 &1771025286356918
GameObject:
  m_ObjectHideFlags: 1
  m_PrefabParentObject: {fileID: 0}
  m_PrefabInternal: {fileID: 100100000}
  serializedVersion: 5
  m_Component:
  - component: {fileID: 4601102735514484}
  m_Layer: 0
  m_Name: FlyWing_L2
  m_TagString: Untagged
  m_Icon: {fileID: 0}
  m_NavMeshLayer: 0
  m_StaticEditorFlags: 0
  m_IsActive: 1
--- !u!1 &1771556653809328
GameObject:
  m_ObjectHideFlags: 1
  m_PrefabParentObject: {fileID: 0}
  m_PrefabInternal: {fileID: 100100000}
  serializedVersion: 5
  m_Component:
  - component: {fileID: 4305985159925774}
  m_Layer: 0
  m_Name: FlyRLeg3Ankle
  m_TagString: Untagged
  m_Icon: {fileID: 0}
  m_NavMeshLayer: 0
  m_StaticEditorFlags: 0
  m_IsActive: 1
--- !u!1 &1775923273383216
GameObject:
  m_ObjectHideFlags: 1
  m_PrefabParentObject: {fileID: 0}
  m_PrefabInternal: {fileID: 100100000}
  serializedVersion: 5
  m_Component:
  - component: {fileID: 4791224644412250}
  m_Layer: 0
  m_Name: FlyTail1
  m_TagString: Untagged
  m_Icon: {fileID: 0}
  m_NavMeshLayer: 0
  m_StaticEditorFlags: 0
  m_IsActive: 1
--- !u!1 &1835045669575408
GameObject:
  m_ObjectHideFlags: 1
  m_PrefabParentObject: {fileID: 0}
  m_PrefabInternal: {fileID: 100100000}
  serializedVersion: 5
  m_Component:
  - component: {fileID: 4545163882981294}
  m_Layer: 0
  m_Name: FlyWing_R1
  m_TagString: Untagged
  m_Icon: {fileID: 0}
  m_NavMeshLayer: 0
  m_StaticEditorFlags: 0
  m_IsActive: 1
--- !u!1 &1835463128787772
GameObject:
  m_ObjectHideFlags: 1
  m_PrefabParentObject: {fileID: 0}
  m_PrefabInternal: {fileID: 100100000}
  serializedVersion: 5
  m_Component:
  - component: {fileID: 4430452132079132}
  m_Layer: 0
  m_Name: FlyRLeg1Ankle
  m_TagString: Untagged
  m_Icon: {fileID: 0}
  m_NavMeshLayer: 0
  m_StaticEditorFlags: 0
  m_IsActive: 1
--- !u!1 &1849242859610716
GameObject:
  m_ObjectHideFlags: 1
  m_PrefabParentObject: {fileID: 0}
  m_PrefabInternal: {fileID: 100100000}
  serializedVersion: 5
  m_Component:
  - component: {fileID: 4266574467266862}
  m_Layer: 0
  m_Name: FlyAntena_R1
  m_TagString: Untagged
  m_Icon: {fileID: 0}
  m_NavMeshLayer: 0
  m_StaticEditorFlags: 0
  m_IsActive: 1
--- !u!1 &1849416618620268
GameObject:
  m_ObjectHideFlags: 1
  m_PrefabParentObject: {fileID: 0}
  m_PrefabInternal: {fileID: 100100000}
  serializedVersion: 5
  m_Component:
  - component: {fileID: 4179485570634334}
  m_Layer: 0
  m_Name: FlyLLeg3Collarbone
  m_TagString: Untagged
  m_Icon: {fileID: 0}
  m_NavMeshLayer: 0
  m_StaticEditorFlags: 0
  m_IsActive: 1
--- !u!1 &1850817362793878
GameObject:
  m_ObjectHideFlags: 1
  m_PrefabParentObject: {fileID: 0}
  m_PrefabInternal: {fileID: 100100000}
  serializedVersion: 5
  m_Component:
  - component: {fileID: 4235769664722232}
  m_Layer: 0
  m_Name: FlyLLeg32
  m_TagString: Untagged
  m_Icon: {fileID: 0}
  m_NavMeshLayer: 0
  m_StaticEditorFlags: 0
  m_IsActive: 1
--- !u!1 &1862781389653414
GameObject:
  m_ObjectHideFlags: 1
  m_PrefabParentObject: {fileID: 0}
  m_PrefabInternal: {fileID: 100100000}
  serializedVersion: 5
  m_Component:
  - component: {fileID: 4204163935431132}
  m_Layer: 0
  m_Name: FlyLLeg11
  m_TagString: Untagged
  m_Icon: {fileID: 0}
  m_NavMeshLayer: 0
  m_StaticEditorFlags: 0
  m_IsActive: 1
--- !u!1 &1874794495535470
GameObject:
  m_ObjectHideFlags: 1
  m_PrefabParentObject: {fileID: 0}
  m_PrefabInternal: {fileID: 100100000}
  serializedVersion: 5
  m_Component:
  - component: {fileID: 4029939029274898}
  m_Layer: 0
  m_Name: FlyRLeg32
  m_TagString: Untagged
  m_Icon: {fileID: 0}
  m_NavMeshLayer: 0
  m_StaticEditorFlags: 0
  m_IsActive: 1
--- !u!1 &1885268959667620
GameObject:
  m_ObjectHideFlags: 1
  m_PrefabParentObject: {fileID: 0}
  m_PrefabInternal: {fileID: 100100000}
  serializedVersion: 5
  m_Component:
  - component: {fileID: 4926082742509544}
  m_Layer: 0
  m_Name: FlyLLeg1Ankle
  m_TagString: Untagged
  m_Icon: {fileID: 0}
  m_NavMeshLayer: 0
  m_StaticEditorFlags: 0
  m_IsActive: 1
--- !u!1 &1886845860595104
GameObject:
  m_ObjectHideFlags: 1
  m_PrefabParentObject: {fileID: 0}
  m_PrefabInternal: {fileID: 100100000}
  serializedVersion: 5
  m_Component:
  - component: {fileID: 4272266443953890}
  m_Layer: 0
  m_Name: FlyRLeg21
  m_TagString: Untagged
  m_Icon: {fileID: 0}
  m_NavMeshLayer: 0
  m_StaticEditorFlags: 0
  m_IsActive: 1
--- !u!1 &1965774215610926
GameObject:
  m_ObjectHideFlags: 1
  m_PrefabParentObject: {fileID: 0}
  m_PrefabInternal: {fileID: 100100000}
  serializedVersion: 5
  m_Component:
  - component: {fileID: 4447961309941650}
  m_Layer: 0
  m_Name: FlyRLeg21 1
  m_TagString: Untagged
  m_Icon: {fileID: 0}
  m_NavMeshLayer: 0
  m_StaticEditorFlags: 0
  m_IsActive: 1
--- !u!4 &4003562210207862
Transform:
  m_ObjectHideFlags: 1
  m_PrefabParentObject: {fileID: 0}
  m_PrefabInternal: {fileID: 100100000}
  m_GameObject: {fileID: 1752214774685134}
  m_LocalRotation: {x: -0.25060248, y: 0.37977904, z: 0.8759411, w: -0.16029198}
  m_LocalPosition: {x: 0.0005204729, y: 0.000709767, z: 0.00029710174}
  m_LocalScale: {x: 0.99999994, y: 1, z: 0.99999994}
  m_Children:
  - {fileID: 4204163935431132}
  m_Father: {fileID: 4269347269947580}
  m_RootOrder: 0
  m_LocalEulerAnglesHint: {x: 0, y: 0, z: 0}
--- !u!4 &4009620912499146
Transform:
  m_ObjectHideFlags: 1
  m_PrefabParentObject: {fileID: 0}
  m_PrefabInternal: {fileID: 100100000}
  m_GameObject: {fileID: 1210459973866754}
  m_LocalRotation: {x: 0.0057516727, y: -0.0020301717, z: -0.10101687, w: 0.994866}
  m_LocalPosition: {x: -0.00081454124, y: 0, z: -2.9802322e-12}
  m_LocalScale: {x: 1.0000001, y: 1.0000001, z: 1}
  m_Children:
  - {fileID: 4594999894640428}
  - {fileID: 4266574467266862}
  m_Father: {fileID: 4530697432423698}
  m_RootOrder: 0
  m_LocalEulerAnglesHint: {x: 0, y: 0, z: 0}
--- !u!4 &4029939029274898
Transform:
  m_ObjectHideFlags: 1
  m_PrefabParentObject: {fileID: 0}
  m_PrefabInternal: {fileID: 100100000}
  m_GameObject: {fileID: 1874794495535470}
  m_LocalRotation: {x: -0.20205784, y: -0.52197593, z: 0.03965202, w: 0.82773274}
  m_LocalPosition: {x: -0.0015942713, y: -1.9073486e-10, z: 9.536743e-11}
  m_LocalScale: {x: 1.0000001, y: 1, z: 0.99999976}
  m_Children:
  - {fileID: 4305985159925774}
  m_Father: {fileID: 4465733850660282}
  m_RootOrder: 0
  m_LocalEulerAnglesHint: {x: 0, y: 0, z: 0}
--- !u!4 &4039641519808026
Transform:
  m_ObjectHideFlags: 1
  m_PrefabParentObject: {fileID: 0}
  m_PrefabInternal: {fileID: 100100000}
  m_GameObject: {fileID: 1395783445722680}
  m_LocalRotation: {x: -0.26190755, y: -0.251838, z: 0.028864427, w: 0.9312083}
  m_LocalPosition: {x: -0.0016839752, y: -5.00679e-10, z: -0.0000000011444091}
  m_LocalScale: {x: 1.0000004, y: 1.0000001, z: 0.99999946}
  m_Children: []
  m_Father: {fileID: 4235769664722232}
  m_RootOrder: 0
  m_LocalEulerAnglesHint: {x: 0, y: 0, z: 0}
--- !u!4 &4100419953700552
Transform:
  m_ObjectHideFlags: 1
  m_PrefabParentObject: {fileID: 0}
  m_PrefabInternal: {fileID: 100100000}
  m_GameObject: {fileID: 1578708564469946}
  m_LocalRotation: {x: 0.15479046, y: -0.18515071, z: 0.9698106, w: 0.035021894}
  m_LocalPosition: {x: 0.00033994598, y: 0.0004972835, z: -0.0004982767}
  m_LocalScale: {x: 1, y: 1, z: 1}
  m_Children:
  - {fileID: 4272266443953890}
  m_Father: {fileID: 4269347269947580}
  m_RootOrder: 5
  m_LocalEulerAnglesHint: {x: 0, y: 0, z: 0}
--- !u!4 &4179485570634334
Transform:
  m_ObjectHideFlags: 1
  m_PrefabParentObject: {fileID: 0}
  m_PrefabInternal: {fileID: 100100000}
  m_GameObject: {fileID: 1849416618620268}
  m_LocalRotation: {x: 0.08425908, y: 0.95531946, z: 0.15281884, w: 0.23856144}
  m_LocalPosition: {x: 0.00047471464, y: 0.00008941149, z: 0.00043517112}
  m_LocalScale: {x: 1, y: 1, z: 0.99999994}
  m_Children:
  - {fileID: 4813073341129650}
  m_Father: {fileID: 4269347269947580}
  m_RootOrder: 1
  m_LocalEulerAnglesHint: {x: 0, y: 0, z: 0}
--- !u!4 &4204163935431132
Transform:
  m_ObjectHideFlags: 1
  m_PrefabParentObject: {fileID: 0}
  m_PrefabInternal: {fileID: 100100000}
  m_GameObject: {fileID: 1862781389653414}
  m_LocalRotation: {x: 0.5307298, y: 0.5096227, z: -0.283322, w: 0.61509293}
  m_LocalPosition: {x: -0.00047642182, y: 1.9073486e-10, z: 0}
  m_LocalScale: {x: 1, y: 0.9999998, z: 1}
  m_Children:
  - {fileID: 4862968877967946}
  m_Father: {fileID: 4003562210207862}
  m_RootOrder: 0
  m_LocalEulerAnglesHint: {x: 0, y: 0, z: 0}
--- !u!4 &4211423529687356
Transform:
  m_ObjectHideFlags: 1
  m_PrefabParentObject: {fileID: 0}
  m_PrefabInternal: {fileID: 100100000}
  m_GameObject: {fileID: 1161602140644456}
  m_LocalRotation: {x: -0.7071068, y: 0, z: -0, w: 0.7071068}
  m_LocalPosition: {x: -0, y: 0, z: 0}
  m_LocalScale: {x: 1, y: 1, z: 1}
  m_Children:
  - {fileID: 4269347269947580}
  m_Father: {fileID: 4713620492467712}
  m_RootOrder: 2
  m_LocalEulerAnglesHint: {x: 0, y: 0, z: 0}
--- !u!4 &4224565901771096
Transform:
  m_ObjectHideFlags: 1
  m_PrefabParentObject: {fileID: 0}
  m_PrefabInternal: {fileID: 100100000}
  m_GameObject: {fileID: 1121428066630400}
  m_LocalRotation: {x: -0.15479046, y: 0.18515071, z: 0.9698106, w: 0.035021894}
  m_LocalPosition: {x: 0.00033994598, y: 0.0004972835, z: 0.00049827684}
  m_LocalScale: {x: 1, y: 1, z: 1}
  m_Children:
  - {fileID: 4447961309941650}
  m_Father: {fileID: 4269347269947580}
  m_RootOrder: 4
  m_LocalEulerAnglesHint: {x: 0, y: 0, z: 0}
--- !u!4 &4235769664722232
Transform:
  m_ObjectHideFlags: 1
  m_PrefabParentObject: {fileID: 0}
  m_PrefabInternal: {fileID: 100100000}
  m_GameObject: {fileID: 1850817362793878}
  m_LocalRotation: {x: 0.20208968, y: 0.5219152, z: 0.039687254, w: 0.8277616}
  m_LocalPosition: {x: -0.001594271, y: 9.536743e-11, z: -9.536743e-11}
  m_LocalScale: {x: 1.0000002, y: 1.0000002, z: 0.9999996}
  m_Children:
  - {fileID: 4039641519808026}
  m_Father: {fileID: 4813073341129650}
  m_RootOrder: 0
  m_LocalEulerAnglesHint: {x: 0, y: 0, z: 0}
--- !u!4 &4257654316252502
Transform:
  m_ObjectHideFlags: 1
  m_PrefabParentObject: {fileID: 0}
  m_PrefabInternal: {fileID: 100100000}
  m_GameObject: {fileID: 1702873215814980}
  m_LocalRotation: {x: -0.21738034, y: 0.16940255, z: -0.24214819, w: 0.9302757}
  m_LocalPosition: {x: -0.0010475507, y: 9.536743e-11, z: 0}
  m_LocalScale: {x: 1.0000015, y: 0.9999987, z: 0.9999999}
  m_Children: []
  m_Father: {fileID: 4467731410972930}
  m_RootOrder: 0
  m_LocalEulerAnglesHint: {x: 0, y: 0, z: 0}
--- !u!4 &4266574467266862
Transform:
  m_ObjectHideFlags: 1
  m_PrefabParentObject: {fileID: 0}
  m_PrefabInternal: {fileID: 100100000}
  m_GameObject: {fileID: 1849242859610716}
  m_LocalRotation: {x: 0.08574919, y: -0.22457197, z: 0.3005114, w: 0.92298836}
  m_LocalPosition: {x: -0.00021297016, y: -0.00023773212, z: -0.00029449773}
  m_LocalScale: {x: 1, y: 1, z: 1}
  m_Children:
  - {fileID: 4973073570971524}
  m_Father: {fileID: 4009620912499146}
  m_RootOrder: 1
  m_LocalEulerAnglesHint: {x: 0, y: 0, z: 0}
--- !u!4 &4269347269947580
Transform:
  m_ObjectHideFlags: 1
  m_PrefabParentObject: {fileID: 0}
  m_PrefabInternal: {fileID: 100100000}
  m_GameObject: {fileID: 1045994691040474}
  m_LocalRotation: {x: 0.7071068, y: -0.00000005338507, z: -0.7071067, w: -0.000000053385076}
  m_LocalPosition: {x: 2.5011104e-16, y: -0.0005903922, z: 0.0023339724}
  m_LocalScale: {x: 1, y: 1, z: 1}
  m_Children:
  - {fileID: 4003562210207862}
  - {fileID: 4179485570634334}
  - {fileID: 4530697432423698}
  - {fileID: 4509482477450566}
  - {fileID: 4224565901771096}
  - {fileID: 4100419953700552}
  - {fileID: 4691739953871096}
  - {fileID: 4791224644412250}
  - {fileID: 4773203666056918}
  - {fileID: 4545163882981294}
  m_Father: {fileID: 4211423529687356}
  m_RootOrder: 0
  m_LocalEulerAnglesHint: {x: 0, y: 0, z: 0}
--- !u!4 &4271723283784600
Transform:
  m_ObjectHideFlags: 1
  m_PrefabParentObject: {fileID: 0}
  m_PrefabInternal: {fileID: 100100000}
  m_GameObject: {fileID: 1055730327277658}
  m_LocalRotation: {x: 0.000000053385083, y: 0.7071068, z: 0.7071068, w: -0.000000053385083}
  m_LocalPosition: {x: -0, y: 0, z: 0}
  m_LocalScale: {x: 1, y: 1, z: 1}
  m_Children: []
  m_Father: {fileID: 4713620492467712}
  m_RootOrder: 0
  m_LocalEulerAnglesHint: {x: 0, y: 0, z: 0}
--- !u!4 &4272266443953890
Transform:
  m_ObjectHideFlags: 1
  m_PrefabParentObject: {fileID: 0}
  m_PrefabInternal: {fileID: 100100000}
  m_GameObject: {fileID: 1886845860595104}
  m_LocalRotation: {x: 0.93730795, y: -0.26187468, z: 0.18799923, w: 0.13240804}
  m_LocalPosition: {x: -0.00051537255, y: 4.7683715e-11, z: 0}
  m_LocalScale: {x: 1, y: 0.99999994, z: 0.9999999}
  m_Children:
  - {fileID: 4876923817313814}
  m_Father: {fileID: 4100419953700552}
  m_RootOrder: 0
  m_LocalEulerAnglesHint: {x: 0, y: 0, z: 0}
--- !u!4 &4305985159925774
Transform:
  m_ObjectHideFlags: 1
  m_PrefabParentObject: {fileID: 0}
  m_PrefabInternal: {fileID: 100100000}
  m_GameObject: {fileID: 1771556653809328}
  m_LocalRotation: {x: 0.26191053, y: 0.25174078, z: 0.028898943, w: 0.93123275}
  m_LocalPosition: {x: -0.0016839748, y: -9.536743e-11, z: -1.9073486e-10}
  m_LocalScale: {x: 0.99999964, y: 1.0000001, z: 1.0000008}
  m_Children: []
  m_Father: {fileID: 4029939029274898}
  m_RootOrder: 0
  m_LocalEulerAnglesHint: {x: 0, y: 0, z: 0}
--- !u!4 &4353412105223400
Transform:
  m_ObjectHideFlags: 1
  m_PrefabParentObject: {fileID: 0}
  m_PrefabInternal: {fileID: 100100000}
  m_GameObject: {fileID: 1613529671977204}
  m_LocalRotation: {x: -0.5307299, y: -0.5096226, z: -0.28332198, w: 0.61509293}
  m_LocalPosition: {x: -0.00047642182, y: 1.9073486e-10, z: 0}
  m_LocalScale: {x: 0.9999999, y: 0.9999999, z: 1.0000002}
  m_Children:
  - {fileID: 4539897931640568}
  m_Father: {fileID: 4509482477450566}
  m_RootOrder: 0
  m_LocalEulerAnglesHint: {x: 0, y: 0, z: 0}
--- !u!4 &4430452132079132
Transform:
  m_ObjectHideFlags: 1
  m_PrefabParentObject: {fileID: 0}
  m_PrefabInternal: {fileID: 100100000}
  m_GameObject: {fileID: 1835463128787772}
  m_LocalRotation: {x: -0.7871058, y: 0.16196118, z: -0.05737212, w: 0.5924032}
  m_LocalPosition: {x: -0.0013241755, y: 0.0000000036239622, z: -0.0000000010490417}
  m_LocalScale: {x: 1.0000012, y: 1.0000001, z: 0.9999988}
  m_Children: []
  m_Father: {fileID: 4539897931640568}
  m_RootOrder: 0
  m_LocalEulerAnglesHint: {x: 0, y: 0, z: 0}
--- !u!4 &4447961309941650
Transform:
  m_ObjectHideFlags: 1
  m_PrefabParentObject: {fileID: 0}
  m_PrefabInternal: {fileID: 100100000}
  m_GameObject: {fileID: 1965774215610926}
  m_LocalRotation: {x: 0.9373079, y: -0.26187474, z: -0.18799931, w: -0.13240798}
  m_LocalPosition: {x: -0.00051537243, y: -4.7683715e-11, z: 9.536743e-11}
  m_LocalScale: {x: 1, y: 0.99999994, z: 0.9999999}
  m_Children:
  - {fileID: 4467731410972930}
  m_Father: {fileID: 4224565901771096}
  m_RootOrder: 0
  m_LocalEulerAnglesHint: {x: 0, y: 0, z: 0}
--- !u!4 &4465733850660282
Transform:
  m_ObjectHideFlags: 1
  m_PrefabParentObject: {fileID: 0}
  m_PrefabInternal: {fileID: 100100000}
  m_GameObject: {fileID: 1221257190157464}
  m_LocalRotation: {x: 0.17359418, y: 0.5696386, z: 0.30215323, w: 0.7443658}
  m_LocalPosition: {x: -0.00058727665, y: -9.536743e-11, z: 9.536743e-11}
  m_LocalScale: {x: 1.0000001, y: 1, z: 1}
  m_Children:
  - {fileID: 4029939029274898}
  m_Father: {fileID: 4691739953871096}
  m_RootOrder: 0
  m_LocalEulerAnglesHint: {x: 0, y: 0, z: 0}
--- !u!4 &4467731410972930
Transform:
  m_ObjectHideFlags: 1
  m_PrefabParentObject: {fileID: 0}
  m_PrefabInternal: {fileID: 100100000}
  m_GameObject: {fileID: 1667016155663682}
  m_LocalRotation: {x: -0.18186581, y: -0.08603666, z: 0.30061817, w: 0.9322828}
  m_LocalPosition: {x: -0.0009809004, y: 4.7683715e-11, z: 0}
  m_LocalScale: {x: 1.0000005, y: 0.9999995, z: 1.0000002}
  m_Children:
  - {fileID: 4257654316252502}
  m_Father: {fileID: 4447961309941650}
  m_RootOrder: 0
  m_LocalEulerAnglesHint: {x: 0, y: 0, z: 0}
--- !u!4 &4509482477450566
Transform:
  m_ObjectHideFlags: 1
  m_PrefabParentObject: {fileID: 0}
  m_PrefabInternal: {fileID: 100100000}
  m_GameObject: {fileID: 1246463154758980}
  m_LocalRotation: {x: 0.25060248, y: -0.37977904, z: 0.8759411, w: -0.16029198}
  m_LocalPosition: {x: 0.0005204729, y: 0.0007097671, z: -0.00029710174}
  m_LocalScale: {x: 0.99999994, y: 1, z: 0.99999994}
  m_Children:
  - {fileID: 4353412105223400}
  m_Father: {fileID: 4269347269947580}
  m_RootOrder: 3
  m_LocalEulerAnglesHint: {x: 0, y: 0, z: 0}
--- !u!4 &4530697432423698
Transform:
  m_ObjectHideFlags: 1
  m_PrefabParentObject: {fileID: 0}
  m_PrefabInternal: {fileID: 100100000}
  m_GameObject: {fileID: 1593062962497078}
  m_LocalRotation: {x: -0.0029250027, y: 0.00535226, z: -0.5892505, w: 0.80792737}
  m_LocalPosition: {x: -0.00008804932, y: 0.0006757416, z: -1.02034124e-10}
  m_LocalScale: {x: 0.99999994, y: 0.99999994, z: 1}
  m_Children:
  - {fileID: 4009620912499146}
  m_Father: {fileID: 4269347269947580}
  m_RootOrder: 2
  m_LocalEulerAnglesHint: {x: 0, y: 0, z: 0}
--- !u!4 &4537233487659264
Transform:
  m_ObjectHideFlags: 1
  m_PrefabParentObject: {fileID: 0}
  m_PrefabInternal: {fileID: 100100000}
  m_GameObject: {fileID: 1674431903531130}
  m_LocalRotation: {x: -0.017032187, y: -0.012410489, z: 0.022267442, w: 0.9995299}
  m_LocalPosition: {x: -0.0019627118, y: 0, z: -1.9073486e-10}
  m_LocalScale: {x: 1, y: 1, z: 1.0000001}
  m_Children: []
  m_Father: {fileID: 4545163882981294}
  m_RootOrder: 0
  m_LocalEulerAnglesHint: {x: 0, y: 0, z: 0}
--- !u!4 &4537322579059952
Transform:
  m_ObjectHideFlags: 1
  m_PrefabParentObject: {fileID: 0}
  m_PrefabInternal: {fileID: 100100000}
  m_GameObject: {fileID: 1758608905093270}
  m_LocalRotation: {x: 0.000000053385083, y: 0.7071068, z: 0.7071068, w: -0.000000053385083}
  m_LocalPosition: {x: -0, y: 0, z: 0}
  m_LocalScale: {x: 1, y: 1, z: 1}
  m_Children: []
  m_Father: {fileID: 4713620492467712}
  m_RootOrder: 1
  m_LocalEulerAnglesHint: {x: 0, y: 0, z: 0}
--- !u!4 &4539897931640568
Transform:
  m_ObjectHideFlags: 1
  m_PrefabParentObject: {fileID: 0}
  m_PrefabInternal: {fileID: 100100000}
  m_GameObject: {fileID: 1107504127886782}
  m_LocalRotation: {x: 0.078662015, y: 0.029485596, z: 0.5650316, w: 0.8207815}
  m_LocalPosition: {x: -0.0013206197, y: 9.536743e-11, z: 9.536743e-11}
  m_LocalScale: {x: 1.0000007, y: 0.999999, z: 1.0000006}
  m_Children:
  - {fileID: 4430452132079132}
  m_Father: {fileID: 4353412105223400}
  m_RootOrder: 0
  m_LocalEulerAnglesHint: {x: 0, y: 0, z: 0}
--- !u!4 &4545163882981294
Transform:
  m_ObjectHideFlags: 1
  m_PrefabParentObject: {fileID: 0}
  m_PrefabInternal: {fileID: 100100000}
  m_GameObject: {fileID: 1835045669575408}
  m_LocalRotation: {x: -0.470852, y: -0.64919007, z: 0.24280706, w: 0.54579794}
  m_LocalPosition: {x: -0.00042796152, y: 0.00060182624, z: -0.00035853405}
  m_LocalScale: {x: 1, y: 1, z: 1}
  m_Children:
  - {fileID: 4537233487659264}
  m_Father: {fileID: 4269347269947580}
  m_RootOrder: 9
  m_LocalEulerAnglesHint: {x: 0, y: 0, z: 0}
--- !u!4 &4594999894640428
Transform:
  m_ObjectHideFlags: 1
  m_PrefabParentObject: {fileID: 0}
  m_PrefabInternal: {fileID: 100100000}
  m_GameObject: {fileID: 1362493453862076}
  m_LocalRotation: {x: -0.08574919, y: 0.22457197, z: 0.3005114, w: 0.92298836}
  m_LocalPosition: {x: -0.00021297016, y: -0.00023773212, z: 0.0002944977}
  m_LocalScale: {x: 1, y: 1, z: 1}
  m_Children:
  - {fileID: 4888146709048012}
  m_Father: {fileID: 4009620912499146}
  m_RootOrder: 0
  m_LocalEulerAnglesHint: {x: 0, y: 0, z: 0}
--- !u!4 &4601102735514484
Transform:
  m_ObjectHideFlags: 1
  m_PrefabParentObject: {fileID: 0}
  m_PrefabInternal: {fileID: 100100000}
  m_GameObject: {fileID: 1771025286356918}
  m_LocalRotation: {x: 0.017032204, y: 0.012410482, z: 0.02226743, w: 0.9995299}
  m_LocalPosition: {x: -0.0019627116, y: 9.536743e-11, z: 1.9073486e-10}
  m_LocalScale: {x: 0.99999994, y: 0.99999994, z: 1.0000001}
  m_Children: []
  m_Father: {fileID: 4773203666056918}
  m_RootOrder: 0
  m_LocalEulerAnglesHint: {x: 0, y: 0, z: 0}
--- !u!4 &4641055859936260
Transform:
  m_ObjectHideFlags: 1
  m_PrefabParentObject: {fileID: 0}
  m_PrefabInternal: {fileID: 100100000}
  m_GameObject: {fileID: 1365812366534754}
  m_LocalRotation: {x: 0.21738046, y: -0.16940258, z: -0.24214812, w: 0.9302757}
  m_LocalPosition: {x: -0.0010475506, y: -4.7683715e-11, z: -1.9073486e-10}
  m_LocalScale: {x: 1.0000014, y: 0.9999992, z: 0.9999994}
  m_Children: []
  m_Father: {fileID: 4876923817313814}
  m_RootOrder: 0
  m_LocalEulerAnglesHint: {x: 0, y: 0, z: 0}
--- !u!4 &4691739953871096
Transform:
  m_ObjectHideFlags: 1
  m_PrefabParentObject: {fileID: 0}
  m_PrefabInternal: {fileID: 100100000}
  m_GameObject: {fileID: 1073867116131166}
  m_LocalRotation: {x: 0.08425908, y: 0.95531946, z: -0.15281884, w: -0.23856144}
  m_LocalPosition: {x: 0.00047471464, y: 0.000089411544, z: -0.00043517112}
  m_LocalScale: {x: 1, y: 1, z: 0.99999994}
  m_Children:
  - {fileID: 4465733850660282}
  m_Father: {fileID: 4269347269947580}
  m_RootOrder: 6
  m_LocalEulerAnglesHint: {x: 0, y: 0, z: 0}
--- !u!4 &4713620492467712
Transform:
  m_ObjectHideFlags: 1
  m_PrefabParentObject: {fileID: 0}
  m_PrefabInternal: {fileID: 100100000}
  m_GameObject: {fileID: 1177884714016204}
  m_LocalRotation: {x: 0, y: 0, z: 0, w: 1}
  m_LocalPosition: {x: 0, y: 0, z: 0}
  m_LocalScale: {x: 1, y: 1, z: 1}
  m_Children:
  - {fileID: 4271723283784600}
  - {fileID: 4537322579059952}
  - {fileID: 4211423529687356}
  m_Father: {fileID: 0}
  m_RootOrder: 0
  m_LocalEulerAnglesHint: {x: 0, y: 0, z: 0}
--- !u!4 &4773203666056918
Transform:
  m_ObjectHideFlags: 1
  m_PrefabParentObject: {fileID: 0}
  m_PrefabInternal: {fileID: 100100000}
  m_GameObject: {fileID: 1725384182254778}
  m_LocalRotation: {x: 0.470852, y: 0.64919007, z: 0.24280706, w: 0.54579794}
  m_LocalPosition: {x: -0.00042796152, y: 0.0006018263, z: 0.00035853405}
  m_LocalScale: {x: 1, y: 1, z: 1}
  m_Children:
  - {fileID: 4601102735514484}
  m_Father: {fileID: 4269347269947580}
  m_RootOrder: 8
  m_LocalEulerAnglesHint: {x: 0, y: 0, z: 0}
--- !u!4 &4791224644412250
Transform:
  m_ObjectHideFlags: 1
  m_PrefabParentObject: {fileID: 0}
  m_PrefabInternal: {fileID: 100100000}
  m_GameObject: {fileID: 1775923273383216}
  m_LocalRotation: {x: 0.0055035525, y: -0.0035856417, z: 0.8594435, w: 0.51118857}
  m_LocalPosition: {x: 0.00011654567, y: -0.00033547916, z: -0.000026025253}
  m_LocalScale: {x: 1, y: 1, z: 1}
  m_Children:
  - {fileID: 4847452008872316}
  m_Father: {fileID: 4269347269947580}
  m_RootOrder: 7
  m_LocalEulerAnglesHint: {x: 0, y: 0, z: 0}
--- !u!4 &4813073341129650
Transform:
  m_ObjectHideFlags: 1
  m_PrefabParentObject: {fileID: 0}
  m_PrefabInternal: {fileID: 100100000}
  m_GameObject: {fileID: 1178316254962086}
  m_LocalRotation: {x: -0.1735945, y: -0.56964093, z: 0.3021344, w: 0.74437153}
  m_LocalPosition: {x: -0.00058727665, y: -9.536743e-11, z: -9.536743e-11}
  m_LocalScale: {x: 1.0000001, y: 0.9999999, z: 0.99999994}
  m_Children:
  - {fileID: 4235769664722232}
  m_Father: {fileID: 4179485570634334}
  m_RootOrder: 0
  m_LocalEulerAnglesHint: {x: 0, y: 0, z: 0}
--- !u!4 &4847452008872316
Transform:
  m_ObjectHideFlags: 1
  m_PrefabParentObject: {fileID: 0}
  m_PrefabInternal: {fileID: 100100000}
  m_GameObject: {fileID: 1531414424532108}
  m_LocalRotation: {x: 0.00036737014, y: 0.006558347, z: 0.015080783, w: 0.99986476}
  m_LocalPosition: {x: -0.0012978675, y: -1.9073486e-10, z: -5.9604643e-12}
  m_LocalScale: {x: 1, y: 1, z: 0.99999994}
  m_Children: []
  m_Father: {fileID: 4791224644412250}
  m_RootOrder: 0
  m_LocalEulerAnglesHint: {x: 0, y: 0, z: 0}
--- !u!4 &4862968877967946
Transform:
  m_ObjectHideFlags: 1
  m_PrefabParentObject: {fileID: 0}
  m_PrefabInternal: {fileID: 100100000}
  m_GameObject: {fileID: 1734229933844346}
  m_LocalRotation: {x: -0.078662045, y: -0.029485567, z: 0.56503147, w: 0.8207815}
  m_LocalPosition: {x: -0.0013206196, y: 4.7683715e-11, z: 0}
  m_LocalScale: {x: 1.0000007, y: 0.9999991, z: 1.0000001}
  m_Children:
  - {fileID: 4926082742509544}
  m_Father: {fileID: 4204163935431132}
  m_RootOrder: 0
  m_LocalEulerAnglesHint: {x: 0, y: 0, z: 0}
--- !u!4 &4876923817313814
Transform:
  m_ObjectHideFlags: 1
  m_PrefabParentObject: {fileID: 0}
  m_PrefabInternal: {fileID: 100100000}
  m_GameObject: {fileID: 1758556266371392}
  m_LocalRotation: {x: 0.18186553, y: 0.08603676, z: 0.3006183, w: 0.9322828}
  m_LocalPosition: {x: -0.0009809001, y: 7.152557e-11, z: 0}
  m_LocalScale: {x: 1.0000004, y: 0.99999964, z: 1.0000002}
  m_Children:
  - {fileID: 4641055859936260}
  m_Father: {fileID: 4272266443953890}
  m_RootOrder: 0
  m_LocalEulerAnglesHint: {x: 0, y: 0, z: 0}
--- !u!4 &4888146709048012
Transform:
  m_ObjectHideFlags: 1
  m_PrefabParentObject: {fileID: 0}
  m_PrefabInternal: {fileID: 100100000}
  m_GameObject: {fileID: 1727833523588090}
  m_LocalRotation: {x: -0.0072287535, y: 0.058840115, z: -0.1401291, w: 0.98835695}
  m_LocalPosition: {x: -0.00079795456, y: -9.536743e-11, z: 0}
  m_LocalScale: {x: 0.99999994, y: 0.99999994, z: 1.0000001}
  m_Children: []
  m_Father: {fileID: 4594999894640428}
  m_RootOrder: 0
  m_LocalEulerAnglesHint: {x: 0, y: 0, z: 0}
--- !u!4 &4926082742509544
Transform:
  m_ObjectHideFlags: 1
  m_PrefabParentObject: {fileID: 0}
  m_PrefabInternal: {fileID: 100100000}
  m_GameObject: {fileID: 1885268959667620}
  m_LocalRotation: {x: 0.78710574, y: -0.16196124, z: -0.057372246, w: 0.59240323}
  m_LocalPosition: {x: -0.0013241756, y: 0.0000000045776365, z: 0.0000000016212462}
  m_LocalScale: {x: 1.0000015, y: 0.9999999, z: 0.9999986}
  m_Children: []
  m_Father: {fileID: 4862968877967946}
  m_RootOrder: 0
  m_LocalEulerAnglesHint: {x: 0, y: 0, z: 0}
--- !u!4 &4973073570971524
Transform:
  m_ObjectHideFlags: 1
  m_PrefabParentObject: {fileID: 0}
  m_PrefabInternal: {fileID: 100100000}
  m_GameObject: {fileID: 1728521677884486}
  m_LocalRotation: {x: 0.0072287857, y: -0.05884012, z: -0.14012904, w: 0.98835695}
  m_LocalPosition: {x: -0.0007979549, y: 0, z: 0}
  m_LocalScale: {x: 1, y: 0.99999994, z: 1}
  m_Children: []
  m_Father: {fileID: 4266574467266862}
  m_RootOrder: 0
  m_LocalEulerAnglesHint: {x: 0, y: 0, z: 0}
--- !u!95 &95021705625006298
Animator:
  serializedVersion: 3
  m_ObjectHideFlags: 1
  m_PrefabParentObject: {fileID: 0}
  m_PrefabInternal: {fileID: 100100000}
  m_GameObject: {fileID: 1177884714016204}
  m_Enabled: 1
  m_Avatar: {fileID: 9000000, guid: 72b7f56f1c68f0c4993b5bef2e5fc363, type: 3}
  m_Controller: {fileID: 0}
  m_CullingMode: 1
  m_UpdateMode: 0
  m_ApplyRootMotion: 0
  m_LinearVelocityBlending: 0
  m_WarningMessage: 
  m_HasTransformHierarchy: 1
  m_AllowConstantClipSamplingOptimization: 1
--- !u!137 &137599286968382318
SkinnedMeshRenderer:
  m_ObjectHideFlags: 1
  m_PrefabParentObject: {fileID: 0}
  m_PrefabInternal: {fileID: 100100000}
  m_GameObject: {fileID: 1055730327277658}
  m_Enabled: 1
  m_CastShadows: 1
  m_ReceiveShadows: 1
  m_MotionVectors: 1
  m_LightProbeUsage: 1
  m_ReflectionProbeUsage: 1
  m_Materials:
  - {fileID: 2100000, guid: b3eeae946358d41488f475f1cb7f507e, type: 2}
  - {fileID: 2100000, guid: eed14578c3a9ac7498b1f197f57e4f18, type: 2}
  m_StaticBatchInfo:
    firstSubMesh: 0
    subMeshCount: 0
  m_StaticBatchRoot: {fileID: 0}
  m_ProbeAnchor: {fileID: 0}
  m_LightProbeVolumeOverride: {fileID: 0}
  m_ScaleInLightmap: 1
  m_PreserveUVs: 0
  m_IgnoreNormalsForChartDetection: 0
  m_ImportantGI: 0
  m_SelectedEditorRenderState: 3
  m_MinimumChartSize: 4
  m_AutoUVMaxDistance: 0.5
  m_AutoUVMaxAngle: 89
  m_LightmapParameters: {fileID: 0}
  m_SortingLayerID: 0
  m_SortingLayer: 0
  m_SortingOrder: 0
  serializedVersion: 2
  m_Quality: 0
  m_UpdateWhenOffscreen: 0
  m_SkinnedMotionVectors: 1
  m_Mesh: {fileID: 4300000, guid: 72b7f56f1c68f0c4993b5bef2e5fc363, type: 3}
  m_Bones:
  - {fileID: 4847452008872316}
  - {fileID: 4269347269947580}
  - {fileID: 4791224644412250}
  - {fileID: 4773203666056918}
  - {fileID: 4601102735514484}
  - {fileID: 4545163882981294}
  - {fileID: 4009620912499146}
  - {fileID: 4003562210207862}
  - {fileID: 4179485570634334}
  - {fileID: 4530697432423698}
  - {fileID: 4235769664722232}
  - {fileID: 4813073341129650}
  - {fileID: 4039641519808026}
  - {fileID: 4204163935431132}
  - {fileID: 4224565901771096}
  - {fileID: 4447961309941650}
  - {fileID: 4467731410972930}
  - {fileID: 4257654316252502}
  - {fileID: 4862968877967946}
  - {fileID: 4926082742509544}
  - {fileID: 4353412105223400}
  - {fileID: 4537233487659264}
  - {fileID: 4029939029274898}
  - {fileID: 4691739953871096}
  - {fileID: 4465733850660282}
  - {fileID: 4305985159925774}
  - {fileID: 4509482477450566}
  - {fileID: 4100419953700552}
  - {fileID: 4272266443953890}
  - {fileID: 4876923817313814}
  - {fileID: 4641055859936260}
  - {fileID: 4539897931640568}
  - {fileID: 4430452132079132}
  m_BlendShapeWeights: []
  m_RootBone: {fileID: 4269347269947580}
  m_AABB:
    m_Center: {x: 0.00079675193, y: -0.00041891332, z: 0.000000021304004}
    m_Extent: {x: 0.0018026148, y: 0.004490299, z: 0.0037259366}
  m_DirtyAABB: 0
--- !u!137 &137726912701437226
SkinnedMeshRenderer:
  m_ObjectHideFlags: 1
  m_PrefabParentObject: {fileID: 0}
  m_PrefabInternal: {fileID: 100100000}
  m_GameObject: {fileID: 1758608905093270}
  m_Enabled: 1
  m_CastShadows: 1
  m_ReceiveShadows: 1
  m_MotionVectors: 1
  m_LightProbeUsage: 1
  m_ReflectionProbeUsage: 1
  m_Materials:
  - {fileID: 2100000, guid: b3eeae946358d41488f475f1cb7f507e, type: 2}
  m_StaticBatchInfo:
    firstSubMesh: 0
    subMeshCount: 0
  m_StaticBatchRoot: {fileID: 0}
  m_ProbeAnchor: {fileID: 0}
  m_LightProbeVolumeOverride: {fileID: 0}
  m_ScaleInLightmap: 1
  m_PreserveUVs: 0
  m_IgnoreNormalsForChartDetection: 0
  m_ImportantGI: 0
  m_SelectedEditorRenderState: 3
  m_MinimumChartSize: 4
  m_AutoUVMaxDistance: 0.5
  m_AutoUVMaxAngle: 89
  m_LightmapParameters: {fileID: 0}
  m_SortingLayerID: 0
  m_SortingLayer: 0
  m_SortingOrder: 0
  serializedVersion: 2
  m_Quality: 0
  m_UpdateWhenOffscreen: 0
  m_SkinnedMotionVectors: 1
  m_Mesh: {fileID: 4300002, guid: 72b7f56f1c68f0c4993b5bef2e5fc363, type: 3}
  m_Bones:
  - {fileID: 4269347269947580}
  - {fileID: 4791224644412250}
  - {fileID: 4847452008872316}
  - {fileID: 4009620912499146}
  - {fileID: 4773203666056918}
  - {fileID: 4545163882981294}
  - {fileID: 4530697432423698}
  - {fileID: 4537233487659264}
  - {fileID: 4509482477450566}
  - {fileID: 4100419953700552}
  - {fileID: 4691739953871096}
  - {fileID: 4465733850660282}
  - {fileID: 4029939029274898}
  - {fileID: 4305985159925774}
  - {fileID: 4272266443953890}
  - {fileID: 4876923817313814}
  - {fileID: 4641055859936260}
  - {fileID: 4353412105223400}
  - {fileID: 4539897931640568}
  - {fileID: 4430452132079132}
  - {fileID: 4601102735514484}
  - {fileID: 4179485570634334}
  - {fileID: 4003562210207862}
  - {fileID: 4224565901771096}
  - {fileID: 4813073341129650}
  - {fileID: 4235769664722232}
  - {fileID: 4039641519808026}
  - {fileID: 4447961309941650}
  - {fileID: 4467731410972930}
  - {fileID: 4257654316252502}
  - {fileID: 4204163935431132}
  - {fileID: 4862968877967946}
  - {fileID: 4926082742509544}
  m_BlendShapeWeights: []
  m_RootBone: {fileID: 4269347269947580}
  m_AABB:
    m_Center: {x: 0.00076444214, y: -0.00043484312, z: 0.000000028754584}
    m_Extent: {x: 0.0018286249, y: 0.0044380035, z: 0.0037070555}
  m_DirtyAABB: 0
--- !u!205 &205171165298839960
LODGroup:
  m_ObjectHideFlags: 1
  m_PrefabParentObject: {fileID: 0}
  m_PrefabInternal: {fileID: 100100000}
  m_GameObject: {fileID: 1177884714016204}
  serializedVersion: 2
  m_LocalReferencePoint: {x: -0.000000021187589, y: 0.0015663812, z: 0.0001714779}
  m_Size: 0.008980604
  m_FadeMode: 0
  m_AnimateCrossFading: 0
  m_LODs:
  - screenRelativeHeight: 0.25
    fadeTransitionWidth: 0
    renderers:
    - renderer: {fileID: 137599286968382318}
  - screenRelativeHeight: 0.01
    fadeTransitionWidth: 0
    renderers:
    - renderer: {fileID: 137726912701437226}
  m_Enabled: 1
