%YAML 1.1
%TAG !u! tag:unity3d.com,2011:
--- !u!64 &2627510613248010938
MeshCollider:
  m_ObjectHideFlags: 0
  m_CorrespondingSourceObject: {fileID: 0}
  m_PrefabInstance: {fileID: 0}
  m_PrefabAsset: {fileID: 0}
  m_GameObject: {fileID: 1483632969552177342}
  m_Material: {fileID: 0}
  m_IsTrigger: 0
  m_Enabled: 1
  serializedVersion: 3
  m_Convex: 0
  m_CookingOptions: 14
  m_Mesh: {fileID: -6808850288088432310, guid: cb9073ff970e5ba4286875361eb81905, type: 3}
--- !u!64 &3305963347937259128
MeshCollider:
  m_ObjectHideFlags: 0
  m_CorrespondingSourceObject: {fileID: 0}
  m_PrefabInstance: {fileID: 0}
  m_PrefabAsset: {fileID: 0}
  m_GameObject: {fileID: 3087706215956249693}
  m_Material: {fileID: 0}
  m_IsTrigger: 0
  m_Enabled: 1
  serializedVersion: 3
  m_Convex: 0
  m_CookingOptions: 14
  m_Mesh: {fileID: 7945483306965743297, guid: 2cd8e00e6e97cae44a0a984171ee2ad5, type: 3}
--- !u!1 &6334439747827081405
GameObject:
  m_ObjectHideFlags: 0
  m_CorrespondingSourceObject: {fileID: 0}
  m_PrefabInstance: {fileID: 0}
  m_PrefabAsset: {fileID: 0}
  serializedVersion: 6
  m_Component:
  - component: {fileID: 355266953879765597}
  m_Layer: 0
  m_Name: Mushroom_1
  m_TagString: Untagged
  m_Icon: {fileID: 0}
  m_NavMeshLayer: 0
  m_StaticEditorFlags: 0
  m_IsActive: 1
--- !u!4 &355266953879765597
Transform:
  m_ObjectHideFlags: 0
  m_CorrespondingSourceObject: {fileID: 0}
  m_PrefabInstance: {fileID: 0}
  m_PrefabAsset: {fileID: 0}
  m_GameObject: {fileID: 6334439747827081405}
  m_LocalRotation: {x: -0, y: -0, z: -0, w: 1}
  m_LocalPosition: {x: 8.64, y: -28.4, z: -5.292}
  m_LocalScale: {x: 1, y: 1, z: 1}
  m_Children:
  - {fileID: 2054456895174905422}
  - {fileID: 4839041784719644394}
  - {fileID: 2507860179620584109}
  m_Father: {fileID: 0}
  m_RootOrder: 0
  m_LocalEulerAnglesHint: {x: 0, y: 0, z: 0}
--- !u!64 &1717880939207687071
MeshCollider:
  m_ObjectHideFlags: 0
  m_CorrespondingSourceObject: {fileID: 0}
  m_PrefabInstance: {fileID: 0}
  m_PrefabAsset: {fileID: 0}
  m_GameObject: {fileID: 8465891012461094137}
  m_Material: {fileID: 0}
  m_IsTrigger: 0
  m_Enabled: 1
  serializedVersion: 3
  m_Convex: 0
  m_CookingOptions: 14
  m_Mesh: {fileID: 8704401693423701322, guid: 022c9345f8578354386a5340b344a19d, type: 3}
--- !u!1001 &458538215702609392
PrefabInstance:
  m_ObjectHideFlags: 0
  serializedVersion: 2
  m_Modification:
    m_TransformParent: {fileID: 355266953879765597}
    m_Modifications:
    - target: {fileID: -927199367670048503, guid: 022c9345f8578354386a5340b344a19d,
        type: 3}
      propertyPath: m_Name
      value: mushroom_stalk_01
      objectReference: {fileID: 0}
    - target: {fileID: -927199367670048503, guid: 022c9345f8578354386a5340b344a19d,
        type: 3}
      propertyPath: m_StaticEditorFlags
      value: 4294967295
      objectReference: {fileID: 0}
    - target: {fileID: -4216859302048453862, guid: 022c9345f8578354386a5340b344a19d,
        type: 3}
      propertyPath: m_LocalPosition.x
      value: -0.6380677
      objectReference: {fileID: 0}
    - target: {fileID: -4216859302048453862, guid: 022c9345f8578354386a5340b344a19d,
        type: 3}
      propertyPath: m_LocalPosition.y
      value: 0.38185477
      objectReference: {fileID: 0}
    - target: {fileID: -4216859302048453862, guid: 022c9345f8578354386a5340b344a19d,
        type: 3}
      propertyPath: m_LocalPosition.z
      value: 0.6378181
      objectReference: {fileID: 0}
    - target: {fileID: -4216859302048453862, guid: 022c9345f8578354386a5340b344a19d,
        type: 3}
      propertyPath: m_LocalRotation.x
      value: -0
      objectReference: {fileID: 0}
    - target: {fileID: -4216859302048453862, guid: 022c9345f8578354386a5340b344a19d,
        type: 3}
      propertyPath: m_LocalRotation.y
      value: -0
      objectReference: {fileID: 0}
    - target: {fileID: -4216859302048453862, guid: 022c9345f8578354386a5340b344a19d,
        type: 3}
      propertyPath: m_LocalRotation.z
      value: -0
      objectReference: {fileID: 0}
    - target: {fileID: -4216859302048453862, guid: 022c9345f8578354386a5340b344a19d,
        type: 3}
      propertyPath: m_LocalRotation.w
      value: 1
      objectReference: {fileID: 0}
    - target: {fileID: -4216859302048453862, guid: 022c9345f8578354386a5340b344a19d,
        type: 3}
      propertyPath: m_RootOrder
      value: 1
      objectReference: {fileID: 0}
    - target: {fileID: -4216859302048453862, guid: 022c9345f8578354386a5340b344a19d,
        type: 3}
      propertyPath: m_LocalEulerAnglesHint.x
      value: 0
      objectReference: {fileID: 0}
    - target: {fileID: -4216859302048453862, guid: 022c9345f8578354386a5340b344a19d,
        type: 3}
      propertyPath: m_LocalEulerAnglesHint.y
      value: 0
      objectReference: {fileID: 0}
    - target: {fileID: -4216859302048453862, guid: 022c9345f8578354386a5340b344a19d,
        type: 3}
      propertyPath: m_LocalEulerAnglesHint.z
      value: 0
      objectReference: {fileID: 0}
    - target: {fileID: -4216859302048453862, guid: 022c9345f8578354386a5340b344a19d,
        type: 3}
      propertyPath: m_LocalScale.x
      value: 36.163
      objectReference: {fileID: 0}
    - target: {fileID: -4216859302048453862, guid: 022c9345f8578354386a5340b344a19d,
        type: 3}
      propertyPath: m_LocalScale.y
      value: 36.163
      objectReference: {fileID: 0}
    - target: {fileID: -4216859302048453862, guid: 022c9345f8578354386a5340b344a19d,
        type: 3}
      propertyPath: m_LocalScale.z
      value: 36.163
      objectReference: {fileID: 0}
    - target: {fileID: -1504981713932161579, guid: 022c9345f8578354386a5340b344a19d,
        type: 3}
      propertyPath: m_Materials.Array.data[0]
      value: 
      objectReference: {fileID: 2100000, guid: 96bc32fc01b39e94d88afd0f4da9c17e, type: 2}
    m_RemovedComponents: []
  m_SourcePrefab: {fileID: 100100000, guid: 022c9345f8578354386a5340b344a19d, type: 3}
--- !u!1 &8465891012461094137 stripped
GameObject:
  m_CorrespondingSourceObject: {fileID: -927199367670048503, guid: 022c9345f8578354386a5340b344a19d,
    type: 3}
  m_PrefabInstance: {fileID: 458538215702609392}
  m_PrefabAsset: {fileID: 0}
--- !u!4 &4839041784719644394 stripped
Transform:
  m_CorrespondingSourceObject: {fileID: -4216859302048453862, guid: 022c9345f8578354386a5340b344a19d,
    type: 3}
  m_PrefabInstance: {fileID: 458538215702609392}
  m_PrefabAsset: {fileID: 0}
--- !u!1001 &6483021169692321108
PrefabInstance:
  m_ObjectHideFlags: 0
  serializedVersion: 2
  m_Modification:
    m_TransformParent: {fileID: 355266953879765597}
    m_Modifications:
    - target: {fileID: -927199367670048503, guid: 2cd8e00e6e97cae44a0a984171ee2ad5,
        type: 3}
      propertyPath: m_Name
      value: mushroom_cap_01
      objectReference: {fileID: 0}
    - target: {fileID: -927199367670048503, guid: 2cd8e00e6e97cae44a0a984171ee2ad5,
        type: 3}
      propertyPath: m_StaticEditorFlags
      value: 4294967295
      objectReference: {fileID: 0}
    - target: {fileID: -4216859302048453862, guid: 2cd8e00e6e97cae44a0a984171ee2ad5,
        type: 3}
      propertyPath: m_LocalPosition.x
      value: -0.6380677
      objectReference: {fileID: 0}
    - target: {fileID: -4216859302048453862, guid: 2cd8e00e6e97cae44a0a984171ee2ad5,
        type: 3}
      propertyPath: m_LocalPosition.y
      value: 0.33026075
      objectReference: {fileID: 0}
    - target: {fileID: -4216859302048453862, guid: 2cd8e00e6e97cae44a0a984171ee2ad5,
        type: 3}
      propertyPath: m_LocalPosition.z
      value: 0.6378181
      objectReference: {fileID: 0}
    - target: {fileID: -4216859302048453862, guid: 2cd8e00e6e97cae44a0a984171ee2ad5,
        type: 3}
      propertyPath: m_LocalRotation.x
      value: -0
      objectReference: {fileID: 0}
    - target: {fileID: -4216859302048453862, guid: 2cd8e00e6e97cae44a0a984171ee2ad5,
        type: 3}
      propertyPath: m_LocalRotation.y
      value: -0
      objectReference: {fileID: 0}
    - target: {fileID: -4216859302048453862, guid: 2cd8e00e6e97cae44a0a984171ee2ad5,
        type: 3}
      propertyPath: m_LocalRotation.z
      value: -0
      objectReference: {fileID: 0}
    - target: {fileID: -4216859302048453862, guid: 2cd8e00e6e97cae44a0a984171ee2ad5,
        type: 3}
      propertyPath: m_LocalRotation.w
      value: 1
      objectReference: {fileID: 0}
    - target: {fileID: -4216859302048453862, guid: 2cd8e00e6e97cae44a0a984171ee2ad5,
        type: 3}
      propertyPath: m_RootOrder
      value: 0
      objectReference: {fileID: 0}
    - target: {fileID: -4216859302048453862, guid: 2cd8e00e6e97cae44a0a984171ee2ad5,
        type: 3}
      propertyPath: m_LocalEulerAnglesHint.x
      value: 0
      objectReference: {fileID: 0}
    - target: {fileID: -4216859302048453862, guid: 2cd8e00e6e97cae44a0a984171ee2ad5,
        type: 3}
      propertyPath: m_LocalEulerAnglesHint.y
      value: 0
      objectReference: {fileID: 0}
    - target: {fileID: -4216859302048453862, guid: 2cd8e00e6e97cae44a0a984171ee2ad5,
        type: 3}
      propertyPath: m_LocalEulerAnglesHint.z
      value: 0
      objectReference: {fileID: 0}
    - target: {fileID: -4216859302048453862, guid: 2cd8e00e6e97cae44a0a984171ee2ad5,
        type: 3}
      propertyPath: m_LocalScale.x
      value: 36.163
      objectReference: {fileID: 0}
    - target: {fileID: -4216859302048453862, guid: 2cd8e00e6e97cae44a0a984171ee2ad5,
        type: 3}
      propertyPath: m_LocalScale.y
      value: 36.163
      objectReference: {fileID: 0}
    - target: {fileID: -4216859302048453862, guid: 2cd8e00e6e97cae44a0a984171ee2ad5,
        type: 3}
      propertyPath: m_LocalScale.z
      value: 36.163
      objectReference: {fileID: 0}
    - target: {fileID: -1504981713932161579, guid: 2cd8e00e6e97cae44a0a984171ee2ad5,
        type: 3}
      propertyPath: m_Materials.Array.data[0]
      value: 
      objectReference: {fileID: 2100000, guid: 0a27a5dbb047fd3409f189318da91aed, type: 2}
    m_RemovedComponents: []
  m_SourcePrefab: {fileID: 100100000, guid: 2cd8e00e6e97cae44a0a984171ee2ad5, type: 3}
--- !u!1 &3087706215956249693 stripped
GameObject:
  m_CorrespondingSourceObject: {fileID: -927199367670048503, guid: 2cd8e00e6e97cae44a0a984171ee2ad5,
    type: 3}
  m_PrefabInstance: {fileID: 6483021169692321108}
  m_PrefabAsset: {fileID: 0}
--- !u!4 &2054456895174905422 stripped
Transform:
  m_CorrespondingSourceObject: {fileID: -4216859302048453862, guid: 2cd8e00e6e97cae44a0a984171ee2ad5,
    type: 3}
  m_PrefabInstance: {fileID: 6483021169692321108}
  m_PrefabAsset: {fileID: 0}
--- !u!1001 &7473443503871652279
PrefabInstance:
  m_ObjectHideFlags: 0
  serializedVersion: 2
  m_Modification:
    m_TransformParent: {fileID: 355266953879765597}
    m_Modifications:
    - target: {fileID: -927199367670048503, guid: cb9073ff970e5ba4286875361eb81905,
        type: 3}
      propertyPath: m_Name
      value: mushroom_worms_01
      objectReference: {fileID: 0}
    - target: {fileID: -927199367670048503, guid: cb9073ff970e5ba4286875361eb81905,
        type: 3}
      propertyPath: m_StaticEditorFlags
      value: 4294967295
      objectReference: {fileID: 0}
    - target: {fileID: -4216859302048453862, guid: cb9073ff970e5ba4286875361eb81905,
        type: 3}
      propertyPath: m_LocalPosition.x
      value: -0.6427536
      objectReference: {fileID: 0}
    - target: {fileID: -4216859302048453862, guid: cb9073ff970e5ba4286875361eb81905,
        type: 3}
      propertyPath: m_LocalPosition.y
      value: 0.45774484
      objectReference: {fileID: 0}
    - target: {fileID: -4216859302048453862, guid: cb9073ff970e5ba4286875361eb81905,
        type: 3}
      propertyPath: m_LocalPosition.z
      value: 0.6415942
      objectReference: {fileID: 0}
    - target: {fileID: -4216859302048453862, guid: cb9073ff970e5ba4286875361eb81905,
        type: 3}
      propertyPath: m_LocalRotation.x
      value: -0
      objectReference: {fileID: 0}
    - target: {fileID: -4216859302048453862, guid: cb9073ff970e5ba4286875361eb81905,
        type: 3}
      propertyPath: m_LocalRotation.y
      value: -0
      objectReference: {fileID: 0}
    - target: {fileID: -4216859302048453862, guid: cb9073ff970e5ba4286875361eb81905,
        type: 3}
      propertyPath: m_LocalRotation.z
      value: -0
      objectReference: {fileID: 0}
    - target: {fileID: -4216859302048453862, guid: cb9073ff970e5ba4286875361eb81905,
        type: 3}
      propertyPath: m_LocalRotation.w
      value: 1
      objectReference: {fileID: 0}
    - target: {fileID: -4216859302048453862, guid: cb9073ff970e5ba4286875361eb81905,
        type: 3}
      propertyPath: m_RootOrder
      value: 2
      objectReference: {fileID: 0}
    - target: {fileID: -4216859302048453862, guid: cb9073ff970e5ba4286875361eb81905,
        type: 3}
      propertyPath: m_LocalEulerAnglesHint.x
      value: 0
      objectReference: {fileID: 0}
    - target: {fileID: -4216859302048453862, guid: cb9073ff970e5ba4286875361eb81905,
        type: 3}
      propertyPath: m_LocalEulerAnglesHint.y
      value: 0
      objectReference: {fileID: 0}
    - target: {fileID: -4216859302048453862, guid: cb9073ff970e5ba4286875361eb81905,
        type: 3}
      propertyPath: m_LocalEulerAnglesHint.z
      value: 0
      objectReference: {fileID: 0}
    - target: {fileID: -4216859302048453862, guid: cb9073ff970e5ba4286875361eb81905,
        type: 3}
      propertyPath: m_LocalScale.x
      value: 36.163
      objectReference: {fileID: 0}
    - target: {fileID: -4216859302048453862, guid: cb9073ff970e5ba4286875361eb81905,
        type: 3}
      propertyPath: m_LocalScale.y
      value: 36.163
      objectReference: {fileID: 0}
    - target: {fileID: -4216859302048453862, guid: cb9073ff970e5ba4286875361eb81905,
        type: 3}
      propertyPath: m_LocalScale.z
      value: 36.163
      objectReference: {fileID: 0}
    - target: {fileID: -1504981713932161579, guid: cb9073ff970e5ba4286875361eb81905,
        type: 3}
      propertyPath: m_Materials.Array.data[0]
      value: 
      objectReference: {fileID: 2100000, guid: 54c574ff651d2264bb51c4a400303abd, type: 2}
    m_RemovedComponents: []
  m_SourcePrefab: {fileID: 100100000, guid: cb9073ff970e5ba4286875361eb81905, type: 3}
--- !u!1 &1483632969552177342 stripped
GameObject:
  m_CorrespondingSourceObject: {fileID: -927199367670048503, guid: cb9073ff970e5ba4286875361eb81905,
    type: 3}
  m_PrefabInstance: {fileID: 7473443503871652279}
  m_PrefabAsset: {fileID: 0}
--- !u!4 &2507860179620584109 stripped
Transform:
  m_CorrespondingSourceObject: {fileID: -4216859302048453862, guid: cb9073ff970e5ba4286875361eb81905,
    type: 3}
  m_PrefabInstance: {fileID: 7473443503871652279}
  m_PrefabAsset: {fileID: 0}
